id,asn_dn,brand,country,delivered_to_client_date,delivery_recorded_date,dosage,dosage_form,first_line_designation,freight_cost,fulfill_via,item_description,line_item_insurance,line_item_quantity,line_item_value,managed_by,manufacturing_site,molecule_test_type,pack_price,po_sent_to_vendor_date,po_so,pq,pq_first_sent_to_client_date,product_group,project_code,scheduled_delivery_date,shipment_mode,sub_classification,unit_of_measure,unit_price,vendor,vendor_inco_term,weight
3441,ASN-3508,Determine,Zambia,18-Mar-09,18-Mar-09,MIssing,Test kit,Yes,12646.15,Direct Drop,"HIV 1/2, Determine HIV Kit, without Lancets, 100 Tests",776.05,5500,395945.0,PMO - US,Inverness Japan,"HIV 1/2, Determine HIV Kit, without Lancets",71.99,10-02-08,SCMS-31390,Pre-PQ Process,Pre-PQ Process,HRDT,110-ZM-T01,18-Mar-09,Air,HIV test,100,0.72,"Orgenics, Ltd",EXW,1624
12346,DN-83,Uni-Gold,Botswana,27-Apr-07,27-Apr-07,MIssing,Test kit,Yes,1225.37,From RDC,"HIV 1/2, Uni-Gold HIV Kit, 20 Tests",MIssing,500,16000.0,PMO - US,"Trinity Biotech, Plc","HIV 1/2, Uni-Gold HIV Kit",32.0,N/A - From RDC,SO-424,Pre-PQ Process,Pre-PQ Process,HRDT,100-BW-T01,27-Apr-07,MIssing,HIV test,20,1.6,SCMS from RDC,N/A - From RDC,164
7730,ASN-3752,Invirase,South Africa,21-Nov-08,21-Nov-08,200mg,Capsule,No,Freight Included in Commodity Cost,Direct Drop,"Saquinavir 200mg [Invirase], capsules, 270 Caps",3.2,30,1634.7,PMO - US,Roche Basel,Saquinavir,54.49,Date Not Captured,SCMS-41140,Pre-PQ Process,Pre-PQ Process,ARV,116-ZA-T01,31-Mar-09,Air,Adult,270,0.2,S. BUYS WHOLESALER,DDP,Weight Captured Separately
7338,ASN-2923,Generic,CÃte dIvoire,23-Jan-09,23-Jan-09,50+153mg,Tablet - FDC + co-blister,Yes,8530.29,Direct Drop,"Artesunate+Amodiaquine 50+153mg, tablets, co-blister 12+12 Tabs",34.3,25000,17500.0,PMO - US,Ipca Dadra/Nagar Haveli IN,Artesunate+Amodiaquine,0.7,09-03-08,SCMS-29330,Pre-PQ Process,Pre-PQ Process,ACT,104-CI-T01,23-Jan-09,Air,ACT,24,0.03,IDA FOUNDATION,EXW,634
11384,DN-100,Generic,Rwanda,14-May-07,14-May-07,30mg,Capsule,No,See DN-100 (ID#:10823),From RDC,"Stavudine 30mg, capsules, 60 Caps",MIssing,117,188.37,PMO - US,"Strides, Bangalore, India.",Stavudine,1.61,N/A - From RDC,SO-481,Pre-PQ Process,Pre-PQ Process,ARV,107-RW-T01,14-May-07,Air,Adult,60,0.03,SCMS from RDC,N/A - From RDC,See DN-100 (ID#:10823)
12865,DN-1124,Generic,Nigeria,19-Mar-09,19-Mar-09,150/300mg,Tablet - FDC,No,See DN-1124 (ID#:11620),From RDC,"Lamivudine/Zidovudine 150/300mg, tablets, 60 Tabs",55.47,3231,28303.56,PMO - US,"Aurobindo Unit III, India",Lamivudine/Zidovudine,8.76,N/A - From RDC,SO-20960,Pre-PQ Process,Pre-PQ Process,ARV,112-NG-T01,19-Mar-09,Air Charter,Adult,60,0.15,SCMS from RDC,N/A - From RDC,See DN-1124 (ID#:11620)
11113,DN-61,Generic,CÃte dIvoire,04-May-07,04-May-07,150/300mg,Tablet - FDC,Yes,3179,From RDC,"Lamivudine/Zidovudine 150/300mg, tablets, 60 Tabs",MIssing,10000,102500.0,PMO - US,"Aurobindo Unit III, India",Lamivudine/Zidovudine,10.25,N/A - From RDC,SO-394,Pre-PQ Process,Pre-PQ Process,ARV,100-CI-T01,04-May-07,MIssing,Adult,60,0.17,SCMS from RDC,N/A - From RDC,980
11908,DN-859,Generic,Haiti,07-Aug-08,07-Aug-08,10mg/ml,Oral solution,No,See DN-859 (ID#:11907),From RDC,"Zidovudine 10mg/ml, oral solution, Bottle, 240 ml",5.91,1760,3696.0,PMO - US,"Aurobindo Unit III, India",Zidovudine,2.1,N/A - From RDC,SO-12150,Pre-PQ Process,Pre-PQ Process,ARV,106-HT-T01,07-Aug-08,Air,Pediatric,240,0.01,SCMS from RDC,N/A - From RDC,See DN-859 (ID#:11907)
11404,DN-165,Generic,Zambia,05-Jun-07,05-Jun-07,200mg,Tablet,Yes,Freight Included in Commodity Cost,From RDC,"Nevirapine 200mg, tablets, 60 Tabs",MIssing,33333,122332.11,PMO - US,"Aurobindo Unit III, India",Nevirapine,3.67,N/A - From RDC,SO-230,Pre-PQ Process,Pre-PQ Process,ARV,110-ZM-T01,05-Jun-07,MIssing,Adult,60,0.06,SCMS from RDC,N/A - From RDC,3118
11259,DN-687,Generic,Zimbabwe,30-Mar-08,30-Mar-08,600mg,Tablet,No,See DN-687 (ID#:10697),From RDC,"Efavirenz 600mg, tablets, 30 Tabs",24.5,1233,15313.86,PMO - US,Mylan (formerly Matrix) Nashik,Efavirenz,12.42,N/A - From RDC,SO-713,Pre-PQ Process,Pre-PQ Process,ARV,100-ZW-T01,30-Mar-08,Air,Adult,30,0.41,SCMS from RDC,N/A - From RDC,See DN-687 (ID#:10697)
11077,DN-1594,Generic,Nigeria,18-Dec-09,18-Dec-09,150/300/200mg,Tablet - FDC,Yes,Freight Included in Commodity Cost,From RDC,"Lamivudine/Nevirapine/Zidovudine 150/200/300mg, tablets, 60 Tabs",0.07,3,34.2,PMO - US,"Aurobindo Unit III, India",Lamivudine/Nevirapine/Zidovudine,11.4,N/A - From RDC,SO-35150,Pre-PQ Process,Date Not Captured,ARV,151-NG-T30,18-Dec-09,Air Charter,Adult,60,0.19,SCMS from RDC,N/A - From RDC,1
12438,DN-448,Generic,CÃte dIvoire,18-Dec-07,18-Dec-07,30mg,Capsule,Yes,4147.9,From RDC,"Stavudine 30mg, capsules, 60 Caps",17.36,6200,10850.0,PMO - US,"Aurobindo Unit III, India",Stavudine,1.75,N/A - From RDC,SO-1308,Pre-PQ Process,Pre-PQ Process,ARV,104-CI-T01,18-Dec-07,Air,Adult,60,0.03,SCMS from RDC,N/A - From RDC,354
12008,DN-1415,Truvada,Uganda,14-Sep-09,14-Sep-09,300/200mg,Tablet - FDC,Yes,2590.35,From RDC,"Emtricitabine/Tenofovir Disoproxil Fumarate 200/300mg [Truvada], tablets, 30 Tabs",92.35,1795,47118.75,PMO - US,"Aspen-OSD, Port Elizabeth, SA",Emtricitabine/Tenofovir Disoproxil Fumarate,26.25,N/A - From RDC,SO-31470,Pre-PQ Process,Date Not Captured,ARV,114-UG-T01,14-Sep-09,Air,Adult,30,0.88,SCMS from RDC,N/A - From RDC,160
10682,DN-673,Generic,CÃte dIvoire,27-Mar-08,27-Mar-08,300mg,Tablet,Yes,2810.58,From RDC,"Abacavir 300mg, tablets, 60 Tabs",16.47,374,10296.22,PMO - US,"Aurobindo Unit III, India",Abacavir,27.53,N/A - From RDC,SO-1680,Pre-PQ Process,Pre-PQ Process,ARV,104-CI-T01,27-Mar-08,Air,Adult,60,0.46,SCMS from RDC,N/A - From RDC,1118
7675,ASN-3632,Determine,CÃte dIvoire,24-Mar-09,24-Mar-09,MIssing,Test kit,Yes,8603.58,Direct Drop,"HIV 1/2, Determine HIV Kit, without Lancets, 100 Tests",274.4,2000,140000.0,PMO - US,Inverness Japan,"HIV 1/2, Determine HIV Kit, without Lancets",70.0,2/24/09,SCMS-39420,Pre-PQ Process,Pre-PQ Process,HRDT,104-CI-T01,24-Mar-09,Air,HIV test,100,0.7,"Orgenics, Ltd",EXW,453
3479,ASN-3156,Colloidal Gold,Ethiopia,20-Jan-09,20-Jan-09,MIssing,Test kit,Yes,20083.74,Direct Drop,"HIV 1/2, SKB Colloidal Gold, Diagnostic Kit, Antibody, 50 Tests",158.23,3510,80730.0,PMO - US,"KHB Test Kit Facility, Shanghai China","HIV 1/2, Colloidal Gold, Diagnostic Kit, Antibody",23.0,10/27/08,SCMS-32630,Pre-PQ Process,Pre-PQ Process,HRDT,117-ET-T01,26-Jan-09,Air,HIV test,1,23.0,"SHANGHAI KEHUA BIOENGINEERING CO.,LTD.  (KHB)",EXW,2535
5352,ASN-575,Uni-Gold,Guyana,07-Aug-07,07-Aug-07,MIssing,Test kit,Yes,8576.8,Direct Drop,"HIV 1/2, Uni-Gold HIV Kit, 20 Tests",76.8,1500,48000.0,PMO - US,"Trinity Biotech, Plc","HIV 1/2, Uni-Gold HIV Kit",32.0,07-06-07,SCMS-765,Pre-PQ Process,Pre-PQ Process,HRDT,102-GY-T01,07-Aug-07,Air,HIV test,20,1.6,"Trinity Biotech, Plc",EXW,515
2506,ASN-4206,Aluvia,Nigeria,14-Jul-09,14-Jul-09,200/50mg,Tablet,Yes,3777.93,Direct Drop,"Lopinavir/Ritonavir 200/50mg [Aluvia], tablets, 120 Tabs",164.33,2040,83844.0,PMO - US,ABBVIE Ludwigshafen Germany,Lopinavir/Ritonavir,41.1,04-07-09,SCMS-36892,Pre-PQ Process,Pre-PQ Process,ARV,123-NG-T01,14-Jul-09,Air,Adult,120,0.34,ABBVIE LOGISTICS (FORMERLY ABBOTT LOGISTICS BV),FCA,309
11057,DN-1296,Generic,Nigeria,16-Jun-09,16-Jun-09,200mg,Capsule,No,See DN-1296 (ID#:10779),From RDC,"Efavirenz 200mg, capsule, 90 Caps",89.73,3000,45780.0,PMO - US,"Aurobindo Unit III, India",Efavirenz,15.26,N/A - From RDC,SO-24481,Pre-PQ Process,Pre-PQ Process,ARV,123-NG-T01,16-Jun-09,Air Charter,Pediatric,90,0.17,SCMS from RDC,N/A - From RDC,See DN-1296 (ID#:10779)
5076,ASN-4333,Viread,South Africa,17-Apr-09,17-Apr-09,300mg,Tablet,Yes,Freight Included in Commodity Cost,Direct Drop,"Tenofovir Disoproxil Fumarate 300mg [Viread], tablets, 30 Tabs",10.42,250,5315.0,PMO - US,"Aspen-OSD, Port Elizabeth, SA",Tenofovir Disoproxil Fumarate,21.26,04-02-09,SCMS-42260,Pre-PQ Process,Pre-PQ Process,ARV,116-ZA-T01,21-Apr-09,Truck,Adult,30,0.71,S. BUYS WHOLESALER,DDP,Weight Captured Separately
11348,DN-1379,Generic,Mozambique,17-Sep-09,17-Sep-09,150mg,Tablet,Yes,1799.88,From RDC,"Lamivudine 150mg, tablets, 60 Tabs",1.79,374,912.56,PMO - US,"Aurobindo Unit III, India",Lamivudine,2.44,N/A - From RDC,SO-26423,Pre-PQ Process,Date Not Captured,ARV,111-MZ-T01,27-Aug-09,Truck,Adult,60,0.04,SCMS from RDC,N/A - From RDC,18
12021,DN-1610,Generic,Ethiopia,13-Jan-10,13-Jan-10,200mg,Tablet,Yes,6774.59,From RDC,"Nevirapine 200mg, tablets, 60 Tabs",159.69,25540,74066.0,PMO - US,"Aurobindo Unit III, India",Nevirapine,2.9,N/A - From RDC,SO-34580,Pre-PQ Process,Date Not Captured,ARV,117-ET-T01,13-Jan-10,Air,Adult,60,0.05,SCMS from RDC,N/A - From RDC,2031
11943,DN-945,Generic,Haiti,27-Oct-08,27-Oct-08,150/300mg,Tablet - FDC,No,See DN-945 (ID#:11018),From RDC,"Lamivudine/Zidovudine 150/300mg, tablets, 60 Tabs",1391.28,93000,869550.0,PMO - US,"Aurobindo Unit III, India",Lamivudine/Zidovudine,9.35,N/A - From RDC,SO-15950,Pre-PQ Process,Pre-PQ Process,ARV,106-HT-T01,27-Oct-08,Air,Adult,60,0.16,SCMS from RDC,N/A - From RDC,See DN-945 (ID#:11018)
12539,DN-850,Generic,Mozambique,05-Sep-08,05-Sep-08,150mg,Tablet,No,See DN-850 (ID#:10733),From RDC,"Lamivudine 150mg, tablets, 60 Tabs",0.56,120,349.2,PMO - US,Hetero Unit III Hyderabad IN,Lamivudine,2.91,N/A - From RDC,SO-2424,Pre-PQ Process,Pre-PQ Process,ARV,111-MZ-T01,05-Sep-08,Air,Adult,60,0.05,SCMS from RDC,N/A - From RDC,See DN-850 (ID#:10733)
11743,DN-284,Generic,Zambia,07-Aug-07,07-Aug-07,20mg/ml,Oral solution,Yes,1105.9,From RDC,"Abacavir 20mg/ml, oral solution, Bottle, 240 ml",13.2,500,8250.0,PMO - US,"Aurobindo Unit III, India",Abacavir,16.5,N/A - From RDC,SO-751,Pre-PQ Process,Pre-PQ Process,ARV,110-ZM-T01,07-Aug-07,MIssing,Pediatric,240,0.07,SCMS from RDC,N/A - From RDC,178
12283,DN-1234,Generic,CÃte dIvoire,11-Jun-09,11-Jun-09,300mg,Tablet,No,See DN-1234 (ID#:11970),From RDC,"Zidovudine 300mg, tablets, 60 Tabs",151.12,10000,77100.0,PMO - US,"Aurobindo Unit III, India",Zidovudine,7.71,N/A - From RDC,SO-27520,Pre-PQ Process,Pre-PQ Process,ARV,104-CI-T01,11-Jun-09,Air,Adult,60,0.13,SCMS from RDC,N/A - From RDC,See DN-1234 (ID#:11970)
10838,DN-196,Generic,CÃte dIvoire,28-Jun-07,28-Jun-07,150/30mg,Tablet - FDC,No,See DN-196 (ID#:10573),From RDC,"Lamivudine/Stavudine 150/30mg, tablets, 30 Tabs",173.64,54263,108526.0,PMO - US,"Cipla, Goa, India",Lamivudine/Stavudine,2.0,N/A - From RDC,SO-603,Pre-PQ Process,Pre-PQ Process,ARV,104-CI-T01,28-Jun-07,MIssing,Adult,30,0.07,SCMS from RDC,N/A - From RDC,See DN-196 (ID#:10573)
12862,DN-960,Generic,Nigeria,30-Oct-08,30-Oct-08,200mg,Tablet,No,See DN-960 (ID#:11945),From RDC,"Nevirapine 200mg, tablets, 60 Tabs",40,6002,20406.8,PMO - US,"Aurobindo Unit III, India",Nevirapine,3.4,N/A - From RDC,SO-2554,Pre-PQ Process,Pre-PQ Process,ARV,123-NG-T01,30-Oct-08,Air,Adult,60,0.06,SCMS from RDC,N/A - From RDC,See DN-960 (ID#:11945)
11177,DN-395,Generic,Zambia,02-Nov-07,02-Nov-07,200mg,Capsule,No,See DN-395 (ID#:10887),From RDC,"Efavirenz 200mg, capsule, 90 Caps",59.49,2324,37184.0,PMO - US,"Aurobindo Unit III, India",Efavirenz,16.0,N/A - From RDC,SO-753,Pre-PQ Process,Pre-PQ Process,ARV,110-ZM-T01,02-Nov-07,MIssing,Pediatric,90,0.18,SCMS from RDC,N/A - From RDC,See DN-395 (ID#:10887)
13809,ASN-32902,Generic,Nigeria,05-Aug-15,10-Aug-15,300/100mg,Tablet,Yes,Invoiced Separately,Direct Drop,"Atazanavir/Ritonavir 300/100mg, tablets, 30 Tabs",84.38,4560,82080.0,PMO - US,"Emcure Plot No.P-2, I.T-B.T. Park, Phase II, MIDC, Hinjwadi, Pune, India",Atazanavir/Ritonavir,18.0,8/29/14,SCMS-254170,FPQ-14780,8/13/14,ARV,151-NG-T30,05-Aug-15,Air,Adult,30,0.6,EMCURE PHARMACEUTICALS LTD,EXW,Weight Captured Separately
11061,DN-1319,Generic,Zambia,04-Sep-09,04-Sep-09,600mg,Tablet,Yes,4506.18,From RDC,"Efavirenz 600mg, tablets, 30 Tabs",798.99,37059,407649.0,PMO - US,Hetero Unit III Hyderabad IN,Efavirenz,11.0,N/A - From RDC,SO-30311,Pre-PQ Process,Date Not Captured,ARV,110-ZM-T01,04-Sep-09,Truck,Adult,30,0.37,SCMS from RDC,N/A - From RDC,2876
11975,DN-1240,Generic,Zambia,10-Jun-09,10-Jun-09,600mg,Tablet,Yes,10069.54,From RDC,"Efavirenz 600mg, tablets, 30 Tabs",2156,100000,1100000.0,PMO - US,Hetero Unit III Hyderabad IN,Efavirenz,11.0,N/A - From RDC,SO-17630,Pre-PQ Process,Pre-PQ Process,ARV,110-ZM-T01,10-Jun-09,Truck,Adult,30,0.37,SCMS from RDC,N/A - From RDC,7736
11803,DN-402,Viread,CÃte dIvoire,14-Dec-07,14-Dec-07,300mg,Tablet,Yes,2056.98,From RDC,"Tenofovir Disoproxil Fumarate 300mg [Viread], tablets, 30 Tabs",81.3,2989,50813.0,PMO - US,Gilead(Nycomed) Oranienburg DE,Tenofovir Disoproxil Fumarate,17.0,N/A - From RDC,SO-1146,Pre-PQ Process,Pre-PQ Process,ARV,104-CI-T01,14-Dec-07,Air,Adult,30,0.57,SCMS from RDC,N/A - From RDC,186
4611,ASN-2397,Uni-Gold,Botswana,18-Nov-08,18-Nov-08,MIssing,Test kit,Yes,1225.17,Direct Drop,"HIV 1/2, Uni-Gold HIV Kit, 20 Tests",0.26,5,160.0,PMO - US,"Trinity Biotech, Plc","HIV 1/2, Uni-Gold HIV Kit",32.0,7/28/08,SCMS-27750,Pre-PQ Process,Pre-PQ Process,HRDT,102-BW-T01,18-Nov-08,Air,HIV test,20,1.6,"Trinity Biotech, Plc",EXW,3
5083,ASN-4285,Aluvia,South Africa,21-Apr-09,21-Apr-09,200/50mg,Tablet,Yes,Freight Included in Commodity Cost,Direct Drop,"Lopinavir/Ritonavir 200/50mg [Aluvia], tablets, 120 Tabs",28.22,400,14400.0,PMO - US,ABBVIE Ludwigshafen Germany,Lopinavir/Ritonavir,36.0,04-02-09,SCMS-47380,Pre-PQ Process,Pre-PQ Process,ARV,116-ZA-T01,15-May-09,Truck,Adult,120,0.3,S. BUYS WHOLESALER,DDP,Weight Captured Separately
660,ASN-2767,Generic,Vietnam,27-Nov-08,27-Nov-08,600mg,Tablet,Yes,4686.88,Direct Drop,"Efavirenz 600mg, tablets, 30 Tabs",335.54,16800,171192.0,PMO - US,Mylan (formerly Matrix) Nashik,Efavirenz,10.19,7/24/08,SCMS-27360,Pre-PQ Process,Pre-PQ Process,ARV,108-VN-T01,27-Nov-08,Air,Adult,30,0.34,MYLAN LABORATORIES LTD (FORMERLY MATRIX LABORATORIES),EXW,1224
12129,DN-445,Generic,Haiti,22-Jan-08,22-Jan-08,150/300mg,Tablet - FDC,No,See DN-445 (ID#:10640),From RDC,"Lamivudine/Zidovudine 150/300mg, tablets, 60 Tabs",488.83,32160,305520.0,PMO - US,"Aurobindo Unit III, India",Lamivudine/Zidovudine,9.5,N/A - From RDC,SO-1288,Pre-PQ Process,Pre-PQ Process,ARV,106-HT-T01,22-Jan-08,Air,Adult,60,0.16,SCMS from RDC,N/A - From RDC,See DN-445 (ID#:10640)
12853,DN-883,Truvada,Nigeria,24-Aug-08,24-Aug-08,300/200mg,Tablet - FDC,Yes,7641.1,From RDC,"Emtricitabine/Tenofovir Disoproxil Fumarate 200/300mg [Truvada], tablets, 30 Tabs",533.23,12696,333270.0,PMO - US,"Aspen-OSD, Port Elizabeth, SA",Emtricitabine/Tenofovir Disoproxil Fumarate,26.25,N/A - From RDC,SO-11230,Pre-PQ Process,Pre-PQ Process,ARV,123-NG-T01,24-Aug-08,Air,Adult,30,0.88,SCMS from RDC,N/A - From RDC,1114
12488,DN-665,Generic,Mozambique,05-Jun-08,05-Jun-08,600mg,Tablet,Yes,3316.9,From RDC,"Efavirenz 600mg, tablets, 30 Tabs",671.42,33787,419634.54,PMO - US,"Aurobindo Unit III, India",Efavirenz,12.42,N/A - From RDC,SO-2015,Pre-PQ Process,Pre-PQ Process,ARV,111-MZ-T01,05-Jun-08,Air,Adult,30,0.41,SCMS from RDC,N/A - From RDC,6081
2436,ASN-3625,Retrovir,South Africa,30-Dec-08,30-Dec-08,300mg,Tablet,No,Freight Included in Commodity Cost,Direct Drop,"Zidovudine 300mg [Retrovir], tablets, 60 Tabs",37.36,1350,19062.0,PMO - US,GSK Aranda,Zidovudine,14.12,Date Not Captured,SCMS-41070,Pre-PQ Process,Pre-PQ Process,ARV,116-ZA-T01,12-May-09,Air,Adult,60,0.24,S. BUYS WHOLESALER,DDP,Weight Captured Separately
12661,DN-173,Generic,CÃte dIvoire,21-Jun-07,21-Jun-07,150/300mg,Tablet - FDC,Yes,1478,From RDC,"Lamivudine/Zidovudine 150/300mg, tablets, 60 Tabs",MIssing,35074,374590.32,PMO - US,"Aurobindo Unit III, India",Lamivudine/Zidovudine,10.68,N/A - From RDC,SO-640,Pre-PQ Process,Pre-PQ Process,ARV,104-CI-T01,21-Jun-07,MIssing,Adult,60,0.18,SCMS from RDC,N/A - From RDC,3116
12012,DN-1448,Generic,Zambia,13-Oct-09,13-Oct-09,600mg,Tablet,Yes,4997.46,From RDC,"Efavirenz 600mg, tablets, 30 Tabs",48.76,4000,24880.0,PMO - US,"Aurobindo Unit III, India",Efavirenz,6.22,N/A - From RDC,SO-33021,Pre-PQ Process,Date Not Captured,ARV,110-ZM-T01,13-Oct-09,Truck,Adult,30,0.21,SCMS from RDC,N/A - From RDC,1900
12959,ASN-31164,Determine,Zambia,12-May-15,14-May-15,MIssing,Test kit,Yes,28709.52,Direct Drop,"HIV 1/2, Determine Complete HIV Kit, 100 Tests",516.47,6280,502400.0,PMO - US,"Alere Medical Co., Ltd.","HIV 1/2, Determine Complete HIV Kit",80.0,9/19/14,SCMS-256500,FPQ-14827,8/19/14,HRDT,110-ZM-T30,12-May-15,Air,HIV test,100,0.8,"Orgenics, Ltd",EXW,2548
11870,DN-617,Determine,Guyana,21-Feb-08,21-Feb-08,MIssing,Test kit,No,See DN-617 (ID#:11236),From RDC,"HIV 1/2, Determine HIV Kit, without Lancets, 100 Tests",17.51,152,10942.48,PMO - US,Inverness Japan,"HIV 1/2, Determine HIV Kit, without Lancets",71.99,N/A - From RDC,SO-1004,Pre-PQ Process,Pre-PQ Process,HRDT,102-GY-T01,21-Feb-08,MIssing,HIV test,100,0.72,SCMS from RDC,N/A - From RDC,See DN-617 (ID#:11236)
5589,ASN-1402,Uni-Gold,Botswana,03-Apr-08,03-Apr-08,MIssing,Test kit,Yes,1625.08,Direct Drop,"HIV 1/2, Uni-Gold HIV Kit, 20 Tests",23.04,450,14400.0,PMO - US,"Trinity Biotech, Plc","HIV 1/2, Uni-Gold HIV Kit",32.0,02-04-08,SCMS-16720,Pre-PQ Process,Pre-PQ Process,HRDT,102-BW-T01,03-Apr-08,Air,HIV test,20,1.6,"Trinity Biotech, Plc",EXW,155
5821,ASN-3087,OraQuick,Haiti,14-Jan-09,14-Jan-09,MIssing,Test kit,Yes,Freight Included in Commodity Cost,Direct Drop,"HIV 1/2, OraQuick Advance HIV Rapid Antibody Kit, 100 Tests",19.21,28,9800.0,PMO - US,"Pacific Biotech, Thailand","HIV 1/2, OraQuick Advance HIV Rapid Antibody Kit",350.0,5/23/08,SCMS-24010,Pre-PQ Process,Pre-PQ Process,HRDT,106-HT-T01,14-Jan-09,Air,HIV test,100,3.5,Orasure Technologies Inc.,CIP,Weight Captured Separately
1730,ASN-1797,Generic,Nigeria,28-May-08,28-May-08,MIssing,Test kit - Ancillary,Yes,Invoiced Separately,Direct Drop,"HIV, Lancet, Safety, for HIV Test kits, 100 Pcs",0.02,1130,11.3,PMO - US,Inverness Japan,"HIV, Lancet, Safety, for HIV Test kits, 100 Pcs",0.01,Date Not Captured,SCMS-21580,Pre-PQ Process,Pre-PQ Process,HRDT,102-NG-T01,28-May-08,Air,HIV test - Ancillary,100,0.0,"Orgenics, Ltd",EXW,Weight Captured Separately
11867,DN-761,Generic,CÃte dIvoire,02-Jun-08,02-Jun-08,10mg/ml,Oral solution,No,See DN-761 (ID#:10951),From RDC,"Lamivudine 10mg/ml, oral solution, Bottle, 240 ml",24.27,7700,15169.0,PMO - US,"Aurobindo Unit III, India",Lamivudine,1.97,N/A - From RDC,SO-2045,Pre-PQ Process,Pre-PQ Process,ARV,104-CI-T01,02-Jun-08,Air,Pediatric,240,0.01,SCMS from RDC,N/A - From RDC,See DN-761 (ID#:10951)
12843,DN-1098,Generic,CÃte dIvoire,27-Feb-09,27-Feb-09,10mg/ml,Oral solution,No,See DN-1098 (ID#:12242),From RDC,"Zidovudine 10mg/ml, oral solution, Bottle, 240 ml",11.52,2800,5880.0,PMO - US,"Aurobindo Unit III, India",Zidovudine,2.1,N/A - From RDC,SO-21841,Pre-PQ Process,Pre-PQ Process,ARV,104-CI-T01,27-Feb-09,Air,Pediatric,240,0.01,SCMS from RDC,N/A - From RDC,See DN-1098 (ID#:12242)
12770,DN-541,Generic,Ethiopia,09-Jan-08,09-Jan-08,150mg,Tablet,Yes,11273,From RDC,"Lamivudine 150mg, tablets, 60 Tabs",143.49,29500,89680.0,PMO - US,"Ranbaxy, Paonta Shahib, India",Lamivudine,3.04,N/A - From RDC,SO-1542,Pre-PQ Process,Pre-PQ Process,ARV,117-ET-T01,20-Dec-07,Air,Adult,60,0.05,SCMS from RDC,N/A - From RDC,1640
11417,DN-216,Bioline,Tanzania,18-Jul-07,18-Jul-07,MIssing,Test kit,Yes,9343.18,From RDC,"HIV 1/2, Bioline 3.0 Kit, Lancets, Capillary pipets, Alcohol swabs included, 25 Tests",206.46,6452,129040.0,PMO - US,"Standard Diagnostics, Korea","HIV 1/2, Bioline 3.0 Kit, Lancets, Capillary pipets, Alcohol swabs included",20.0,N/A - From RDC,SO-645,Pre-PQ Process,Pre-PQ Process,HRDT,109-TZ-T01,18-Jul-07,MIssing,HIV test,25,0.8,SCMS from RDC,N/A - From RDC,2334
1262,ASN-46,OraQuick,Haiti,09-Nov-06,09-Nov-06,MIssing,Test kit,Yes,1195.29,Direct Drop,"HIV 1/2, OraQuick Advance HIV Rapid Antibody Kit, 100 Tests",MIssing,15,6000.0,PMO - US,"Pacific Biotech, Thailand","HIV 1/2, OraQuick Advance HIV Rapid Antibody Kit",400.0,Date Not Captured,SCMS-74,Pre-PQ Process,Pre-PQ Process,HRDT,106-HT-T01,09-Nov-06,Air,HIV test,100,4.0,Orasure Technologies Inc.,EXW,36
8604,ASN-2809,Generic,Vietnam,24-Nov-08,24-Nov-08,300mg,Tablet,No,See ASN-2809 (ID#:1955),Direct Drop,"Abacavir 300mg, tablets, 60 Tabs",17.5,380,8930.0,PMO - US,"Aurobindo Unit III, India",Abacavir,23.5,7/24/08,SCMS-27310,Pre-PQ Process,Pre-PQ Process,ARV,108-VN-T01,24-Nov-08,Air,Adult,60,0.39,Aurobindo Pharma Limited,EXW,See ASN-2809 (ID#:1955)
10988,DN-1006,Generic,Zambia,01-Dec-08,01-Dec-08,200mg,Tablet,Yes,3629.37,From RDC,"Nevirapine 200mg, tablets, 60 Tabs",296.09,44432,151068.8,PMO - US,Hetero Unit III Hyderabad IN,Nevirapine,3.4,N/A - From RDC,SO-2495,Pre-PQ Process,Pre-PQ Process,ARV,110-ZM-T01,01-Dec-08,Truck,Adult,60,0.06,SCMS from RDC,N/A - From RDC,2503
6381,ASN-3673,Videx,Vietnam,26-Mar-09,26-Mar-09,100mg,Chewable/dispersible tablet,Yes,2246.81,Direct Drop,"Didanosine 100mg [Videx],chewable tablets, 60 Tabs",6.5,260,3315.0,PMO - US,"BMS Meymac, France",Didanosine,12.75,03-06-09,SCMS-40390,Pre-PQ Process,Pre-PQ Process,ARV,108-VN-T01,26-Mar-09,Air,Pediatric,60,0.21,BRISTOL-MYERS SQUIBB,CIP,56
11894,DN-644,Generic,Zimbabwe,12-Mar-08,12-Mar-08,300mg,Tablet,Yes,1746.3,From RDC,"Zidovudine 300mg, tablets, 60 Tabs",6.85,525,4278.75,PMO - US,"Aurobindo Unit III, India",Zidovudine,8.15,N/A - From RDC,SO-1922,Pre-PQ Process,Pre-PQ Process,ARV,113-ZW-T01,12-Mar-08,Truck,Adult,60,0.14,SCMS from RDC,N/A - From RDC,395
7120,ASN-2335,Generic,Vietnam,20-Sep-08,20-Sep-08,300mg,Tablet,No,See ASN-2335 (ID#:5796),Direct Drop,"Tenofovir Disoproxil Fumarate 300mg, tablets, 30 Tabs",14.69,672,9179.52,PMO - US,Mylan (formerly Matrix) Nashik,Tenofovir Disoproxil Fumarate,13.66,5/13/08,SCMS-23440,Pre-PQ Process,Pre-PQ Process,ARV,108-VN-T01,20-Sep-08,Air,Adult,30,0.46,MYLAN LABORATORIES LTD (FORMERLY MATRIX LABORATORIES),EXW,See ASN-2335 (ID#:5796)
92,ASN-485,Determine,Nigeria,19-Jun-07,19-Jun-07,MIssing,Test kit,Yes,2682.47,Direct Drop,"HIV 1/2, Determine Complete HIV Kit, 100 Tests",128,1000,80000.0,PMO - US,ABBVIE GmbH & Co.KG Wiesbaden,"HIV 1/2, Determine Complete HIV Kit",80.0,5/13/07,SCMS-592,Pre-PQ Process,Pre-PQ Process,HRDT,102-NG-T01,19-Jun-07,Air,HIV test,100,0.8,Abbott GmbH & Co. KG,EXW,341
12801,DN-698,Generic,Mozambique,23-Jun-08,23-Jun-08,150/300mg,Tablet - FDC,No,See DN-698 (ID#:10970),From RDC,"Lamivudine/Zidovudine 150/300mg, tablets, 60 Tabs",26.27,1728,16416.0,PMO - US,"Cipla, Goa, India",Lamivudine/Zidovudine,9.5,N/A - From RDC,SO-1615,Pre-PQ Process,Pre-PQ Process,ARV,111-MZ-T01,23-Jun-08,Air,Adult,60,0.16,SCMS from RDC,N/A - From RDC,See DN-698 (ID#:10970)
8378,ASN-2043,Generic,Vietnam,17-Jul-08,17-Jul-08,600mg,Tablet,Yes,4408.29,Direct Drop,"Efavirenz 600mg, tablets, 30 Tabs",185.15,10080,115718.4,PMO - US,Mylan (formerly Matrix) Nashik,Efavirenz,11.48,3/31/08,SCMS-20360,Pre-PQ Process,Pre-PQ Process,ARV,108-VN-T01,17-Jul-08,Air,Adult,30,0.38,MYLAN LABORATORIES LTD (FORMERLY MATRIX LABORATORIES),EXW,772
10541,DN-17,Viread,Mozambique,09-Jan-07,09-Jan-07,300mg,Tablet,Yes,1338.04,From RDC,"Tenofovir Disoproxil Fumarate 300mg [Viread], tablets, 30 Tabs",MIssing,747,12699.0,PMO - US,Gilead(Nycomed) Oranienburg DE,Tenofovir Disoproxil Fumarate,17.0,N/A - From RDC,SO-324,Pre-PQ Process,Pre-PQ Process,ARV,111-MZ-T01,09-Jan-07,Air,Adult,30,0.57,SCMS from RDC,N/A - From RDC,84
3009,ASN-1381,Determine,Nigeria,10-Mar-08,10-Mar-08,MIssing,Test kit,Yes,12770.05,Direct Drop,"HIV 1/2, Determine HIV Kit, without Lancets, 100 Tests",383.95,3000,239970.0,PMO - US,Inverness Japan,"HIV 1/2, Determine HIV Kit, without Lancets",79.99,1/29/08,SCMS-16900,Pre-PQ Process,Pre-PQ Process,HRDT,102-NG-T01,12-Mar-08,Air,HIV test,100,0.8,"Orgenics, Ltd",EXW,861
2785,ASN-639,Kaletra,Vietnam,10-Sep-07,10-Sep-07,80/20mg/ml,Oral solution,Yes,2326.1,Direct Drop,"Lopinavir/Ritonavir 80/20mg/ml [Kaletra], oral solution, cool, Bottle 5 x 60 ml",26.3,200,16440.0,PMO - US,ABBVIE (Abbott) Logis. UK,Lopinavir/Ritonavir,82.2,7/20/07,SCMS-10060,Pre-PQ Process,Pre-PQ Process,ARV,108-VN-T01,10-Sep-07,Air,Pediatric,300,0.27,ABBVIE LOGISTICS (FORMERLY ABBOTT LOGISTICS BV),FCA,340
11944,DN-1060,Generic,Ethiopia,18-Feb-09,18-Feb-09,150/200/30mg,Tablet - FDC,No,See DN-1060 (ID#:11618),From RDC,"Lamivudine/Nevirapine/Stavudine 150/200/30mg, tablets, 60 Tabs",39.84,2855,20327.6,PMO - US,"Cipla, Goa, India",Lamivudine/Nevirapine/Stavudine,7.12,N/A - From RDC,SO-22000,Pre-PQ Process,Pre-PQ Process,ARV,117-ET-T01,18-Feb-09,Air,Adult,60,0.12,SCMS from RDC,N/A - From RDC,See DN-1060 (ID#:11618)
11068,DN-1426,Generic,Uganda,08-Oct-09,08-Oct-09,600mg,Tablet,Yes,3054.1,From RDC,"Efavirenz 600mg, tablets, 30 Tabs",51.83,3740,26441.8,PMO - US,"Aurobindo Unit III, India",Efavirenz,7.07,N/A - From RDC,SO-30150,Pre-PQ Process,Date Not Captured,ARV,114-UG-T01,08-Oct-09,Air,Adult,30,0.24,SCMS from RDC,N/A - From RDC,322
7032,ASN-1795,Generic,Vietnam,02-Jun-08,02-Jun-08,100mg,Capsule,Yes,2729.91,Direct Drop,"Zidovudine 100mg, capsules, 100 Caps",5.53,630,3458.7,PMO - US,"Aurobindo Unit III, India",Zidovudine,5.49,3/31/08,SCMS-20490,Pre-PQ Process,Pre-PQ Process,ARV,108-VN-T01,02-Jun-08,Air,Pediatric,100,0.05,Aurobindo Pharma Limited,EXW,48
8460,ASN-2277,Generic,Vietnam,19-Sep-08,19-Sep-08,200mg,Tablet,No,See ASN-2277 (ID#:5793),Direct Drop,"Nevirapine 200mg, tablets, 60 Tabs",19.72,3840,12326.4,PMO - US,"Aurobindo Unit III, India",Nevirapine,3.21,5/13/08,SCMS-23340,Pre-PQ Process,Pre-PQ Process,ARV,108-VN-T01,19-Sep-08,Air,Adult,60,0.05,Aurobindo Pharma Limited,EXW,See ASN-2277 (ID#:5793)
10718,DN-838,Bioline,Zimbabwe,26-Jul-08,26-Jul-08,MIssing,Test kit,Yes,5663,From RDC,"HIV 1/2, Bioline 3.0 Kit, Lancets, Capillary pipets, Alcohol swabs included, 25 Tests",9.82,307,6140.0,PMO - US,"Standard Diagnostics, Korea","HIV 1/2, Bioline 3.0 Kit, Lancets, Capillary pipets, Alcohol swabs included",20.0,N/A - From RDC,SO-1052,Pre-PQ Process,Pre-PQ Process,HRDT,113-ZW-T01,26-Jul-08,Truck,HIV test,25,0.8,SCMS from RDC,N/A - From RDC,1368
6411,ASN-5420,Generic,South Africa,30-Oct-09,30-Oct-09,10mg/ml,Oral solution,Yes,Freight Included in Commodity Cost,Direct Drop,"Lamivudine 10mg/ml, oral solution, Bottle, 240 ml",40.25,3304,18667.6,PMO - US,"Aurobindo Unit III, India",Lamivudine,5.65,3/18/09,SCMS-41463,Pre-PQ Process,Pre-PQ Process,ARV,116-ZA-T01,25-Jun-09,Air,Pediatric,240,0.02,S. BUYS WHOLESALER,DDP,Weight Captured Separately
11056,DN-1292,Generic,Nigeria,16-Jun-09,16-Jun-09,150/300/200mg,Tablet - FDC,Yes,7329.83,From RDC,"Lamivudine/Nevirapine/Zidovudine 150/200/300mg, tablets, 60 Tabs",89.24,3994,45531.6,PMO - US,"Aurobindo Unit III, India",Lamivudine/Nevirapine/Zidovudine,11.4,N/A - From RDC,SO-30023,Pre-PQ Process,Pre-PQ Process,ARV,151-NG-T01,16-Jun-09,Air Charter,Adult,60,0.19,SCMS from RDC,N/A - From RDC,452
7321,ASN-2658,Determine,Mozambique,01-Nov-08,01-Nov-08,MIssing,Test kit,No,See ASN-2658 (ID#:4650),Direct Drop,"HIV 1/2, Determine HIV Kit, without Lancets, 100 Tests",1085.06,7690,553603.1,PMO - US,Inverness Japan,"HIV 1/2, Determine HIV Kit, without Lancets",71.99,8/26/08,SCMS-28730,Pre-PQ Process,Pre-PQ Process,HRDT,111-MZ-T01,01-Nov-08,Air,HIV test,100,0.72,"Orgenics, Ltd",EXW,See ASN-2658 (ID#:4650)
10894,DN-373,Generic,Nigeria,20-Sep-07,20-Sep-07,200mg,Tablet,No,See DN-373 (ID#:10623),From RDC,"Nevirapine 200mg, tablets, 60 Tabs",3.43,600,2142.0,PMO - US,"Aurobindo Unit III, India",Nevirapine,3.57,N/A - From RDC,SO-565,Pre-PQ Process,Pre-PQ Process,ARV,112-NG-T01,20-Sep-07,Air,Adult,60,0.06,SCMS from RDC,N/A - From RDC,See DN-373 (ID#:10623)
9675,ASN-2044,Generic,Vietnam,18-Jul-08,18-Jul-08,600mg,Tablet,Yes,5893.08,Direct Drop,"Efavirenz 600mg, tablets, 30 Tabs",185.15,10080,115718.4,PMO - US,Mylan (formerly Matrix) Nashik,Efavirenz,11.48,3/31/08,SCMS-20540,Pre-PQ Process,Pre-PQ Process,ARV,108-VN-T01,18-Jul-08,Air,Adult,30,0.38,MYLAN LABORATORIES LTD (FORMERLY MATRIX LABORATORIES),EXW,772
12473,DN-803,Bioline,Zimbabwe,01-Jul-08,01-Jul-08,MIssing,Test kit,Yes,12781.58,From RDC,"HIV 1/2, Bioline 3.0 Kit, Lancets, Capillary pipets, Alcohol swabs included, 25 Tests",310.4,9700,194000.0,PMO - US,"Standard Diagnostics, Korea","HIV 1/2, Bioline 3.0 Kit, Lancets, Capillary pipets, Alcohol swabs included",20.0,N/A - From RDC,SO-1874,Pre-PQ Process,Pre-PQ Process,HRDT,113-ZW-T01,01-Jul-08,Air,HIV test,25,0.8,SCMS from RDC,N/A - From RDC,2907
10939,DN-553,Generic,Zambia,28-Feb-08,28-Feb-08,600mg,Tablet,Yes,12643.63,From RDC,"Efavirenz 600mg, tablets, 30 Tabs",877.05,44135,548156.7,PMO - US,Mylan (formerly Matrix) Nashik,Efavirenz,12.42,N/A - From RDC,SO-1033,Pre-PQ Process,Pre-PQ Process,ARV,110-ZM-T01,28-Feb-08,MIssing,Adult,30,0.41,SCMS from RDC,N/A - From RDC,3483
9089,ASN-4799,Capillus,Haiti,31-Aug-09,31-Aug-09,MIssing,Test kit,Yes,2486.15,Direct Drop,"HIV 1/2, Capillus HIV Kit, 100 Tests",40.87,150,20850.0,PMO - US,"Trinity Biotech, Plc","HIV 1/2, Capillus HIV Kit",139.0,04-02-09,SCMS-42690,Pre-PQ Process,Pre-PQ Process,HRDT,106-HT-T01,31-Aug-09,Air,HIV test,100,1.39,"Trinity Biotech, Plc",EXW,113
12858,DN-1060,Generic,Ethiopia,18-Feb-09,18-Feb-09,600mg,Tablet,No,See DN-1060 (ID#:11618),From RDC,"Efavirenz 600mg, tablets, 30 Tabs",574.29,27590,293005.8,PMO - US,Mylan (formerly Matrix) Nashik,Efavirenz,10.62,N/A - From RDC,SO-22000,Pre-PQ Process,Pre-PQ Process,ARV,117-ET-T01,18-Feb-09,Air,Adult,30,0.35,SCMS from RDC,N/A - From RDC,See DN-1060 (ID#:11618)
6450,ASN-4326,Determine,CÃte dIvoire,14-Jul-09,14-Jul-09,MIssing,Test kit,Yes,3272.6,Direct Drop,"HIV 1/2, Determine HIV Kit, without Lancets, 100 Tests",109.76,800,56000.0,PMO - US,Inverness Japan,"HIV 1/2, Determine HIV Kit, without Lancets",70.0,5/27/09,SCMS-42590,Pre-PQ Process,Pre-PQ Process,HRDT,104-CI-T01,14-Jul-09,Air,HIV test,100,0.7,"Orgenics, Ltd",EXW,182
5201,ASN-4812,Kaletra,CÃte dIvoire,15-Sep-09,15-Sep-09,80/20mg/ml,Oral solution,Yes,Freight Included in Commodity Cost,Direct Drop,"Lopinavir/Ritonavir 80/20mg/ml [Kaletra], oral solution, cool, Bottle 5 x 60 ml",1.61,20,822.0,PMO - US,ABBVIE (Abbott) Logis. UK,Lopinavir/Ritonavir,41.1,3/30/09,SCMS-42241,Pre-PQ Process,Pre-PQ Process,ARV,104-CI-T01,15-Sep-09,Air,Pediatric,300,0.14,ABBVIE LOGISTICS (FORMERLY ABBOTT LOGISTICS BV),CIP,Weight Captured Separately
11370,DN-40,Bioline,Zambia,02-Apr-07,02-Apr-07,MIssing,Test kit,Yes,1200.12,From RDC,"HIV 1/2, Bioline 3.0 Kit, Lancets, Capillary pipets, Alcohol swabs included, 25 Tests",MIssing,561,11220.0,PMO - US,"Standard Diagnostics, Korea","HIV 1/2, Bioline 3.0 Kit, Lancets, Capillary pipets, Alcohol swabs included",20.0,N/A - From RDC,SO-233,Pre-PQ Process,Pre-PQ Process,HRDT,110-ZM-T01,02-Apr-07,MIssing,HIV test,25,0.8,SCMS from RDC,N/A - From RDC,191
11024,DN-1137,Generic,Nigeria,19-Mar-09,19-Mar-09,150/300/200mg,Tablet - FDC,Yes,Freight Included in Commodity Cost,From RDC,"Lamivudine/Nevirapine/Zidovudine 150/200/300mg, tablets, 60 Tabs",121.24,5426,61856.4,PMO - US,"Aurobindo Unit III, India",Lamivudine/Nevirapine/Zidovudine,11.4,N/A - From RDC,SO-21803,Pre-PQ Process,Pre-PQ Process,ARV,151-NG-T01,19-Mar-09,Air Charter,Adult,60,0.19,SCMS from RDC,N/A - From RDC,610
11241,DN-744,Generic,Haiti,02-Jun-08,02-Jun-08,10mg/ml,Oral suspension,No,See DN-744 (ID#:10684),From RDC,"Nevirapine 10mg/ml, oral suspension, Bottle, 240 ml",6.49,2112,4055.04,PMO - US,"Aurobindo Unit III, India",Nevirapine,1.92,N/A - From RDC,SO-2053,Pre-PQ Process,Pre-PQ Process,ARV,106-HT-T01,02-Jun-08,Air,Pediatric,240,0.01,SCMS from RDC,N/A - From RDC,See DN-744 (ID#:10684)
80,ASN-299,First Response,Rwanda,29-Mar-07,29-Mar-07,MIssing,Test kit,Yes,3120.7,Direct Drop,"HIV 1/2/O, First Response HIV 1-2.0, v.3.0 Cards Kit, 30 Tests",MIssing,2000,33000.0,PMO - US,Premier Med. Corp Ltd. India,"HIV 1/2/O, First Response HIV 1-2.0, v.3.0 Cards Kit",16.5,Date Not Captured,SCMS-488,Pre-PQ Process,Pre-PQ Process,HRDT,107-RW-T01,29-Mar-07,Air,HIV test,30,0.55,Premier Medical Corporation Ltd.,EXW,710
12508,DN-644,Generic,Zimbabwe,12-Mar-08,12-Mar-08,300mg,Tablet,No,See DN-644 (ID#:11894),From RDC,"Zidovudine 300mg, tablets, 60 Tabs",82.09,6295,51304.25,PMO - US,"Aurobindo Unit III, India",Zidovudine,8.15,N/A - From RDC,SO-1922,Pre-PQ Process,Pre-PQ Process,ARV,113-ZW-T01,12-Mar-08,Truck,Adult,60,0.14,SCMS from RDC,N/A - From RDC,See DN-644 (ID#:11894)
12126,DN-458,Generic,Haiti,05-Dec-07,05-Dec-07,30mg,Capsule,No,See DN-458 (ID#:11814),From RDC,"Stavudine 30mg, capsules, 60 Caps",7.3,3000,4560.0,PMO - US,"Aurobindo Unit III, India",Stavudine,1.52,N/A - From RDC,SO-1286,Pre-PQ Process,Pre-PQ Process,ARV,106-HT-T01,05-Dec-07,Air,Adult,60,0.03,SCMS from RDC,N/A - From RDC,See DN-458 (ID#:11814)
12580,DN-1234,Generic,CÃte dIvoire,11-Jun-09,11-Jun-09,15mg,Capsule,No,See DN-1234 (ID#:11970),From RDC,"Stavudine 15mg, capsules, 60 Caps",1.65,560,840.0,PMO - US,"Aurobindo Unit III, India",Stavudine,1.5,N/A - From RDC,SO-27520,Pre-PQ Process,Pre-PQ Process,ARV,104-CI-T01,11-Jun-09,Air,Adult,60,0.02,SCMS from RDC,N/A - From RDC,See DN-1234 (ID#:11970)
12649,DN-82,Generic,CÃte dIvoire,30-Apr-07,30-Apr-07,150/200/30mg,Tablet - FDC,Yes,3166,From RDC,"Lamivudine/Nevirapine/Stavudine 150/200/30mg, tablets, 60 Tabs",MIssing,9000,67500.0,PMO - US,"Cipla, Goa, India",Lamivudine/Nevirapine/Stavudine,7.5,N/A - From RDC,SO-432,Pre-PQ Process,Pre-PQ Process,ARV,100-CI-T01,30-Apr-07,MIssing,Adult,60,0.12,SCMS from RDC,N/A - From RDC,974
10885,DN-349,Invirase,CÃte dIvoire,12-Sep-07,12-Sep-07,200mg,Capsule,Yes,1737,From RDC,"Saquinavir 200mg [Invirase], capsules, 270 Caps",2.01,16,1258.24,PMO - US,Roche Basel,Saquinavir,78.64,N/A - From RDC,SO-999,Pre-PQ Process,Pre-PQ Process,ARV,104-CI-T01,12-Sep-07,MIssing,Adult,270,0.29,SCMS from RDC,N/A - From RDC,295
11942,DN-945,Generic,Haiti,27-Oct-08,27-Oct-08,600mg,Tablet,No,See DN-945 (ID#:11018),From RDC,"Efavirenz 600mg, tablets, 30 Tabs",37.65,2139,23529.0,PMO - US,"Aurobindo Unit III, India",Efavirenz,11.0,N/A - From RDC,SO-15950,Pre-PQ Process,Pre-PQ Process,ARV,106-HT-T01,27-Oct-08,Air,Adult,30,0.37,SCMS from RDC,N/A - From RDC,See DN-945 (ID#:11018)
4020,ASN-737,Generic,Vietnam,02-Oct-07,02-Oct-07,300mg,Tablet,No,See ASN-737 (ID#:2765),Direct Drop,"Abacavir 300mg, tablets, 60 Tabs",66.36,1500,41475.0,PMO - US,"Aurobindo Unit III, India",Abacavir,27.65,07-03-07,SCMS-749,Pre-PQ Process,Pre-PQ Process,ARV,108-VN-T01,02-Oct-07,Air,Adult,60,0.46,Aurobindo Pharma Limited,EXW,See ASN-737 (ID#:2765)
12452,DN-568,Aluvia,CÃte dIvoire,25-Jan-08,25-Jan-08,200/50mg,Tablet,Yes,2206,From RDC,"Lopinavir/Ritonavir 200/50mg [Aluvia], tablets, 120 Tabs",139.48,2121,87173.1,PMO - US,ABBVIE Ludwigshafen Germany,Lopinavir/Ritonavir,41.1,N/A - From RDC,SO-1657,Pre-PQ Process,Pre-PQ Process,ARV,104-CI-T01,25-Jan-08,Air,Adult,120,0.34,SCMS from RDC,N/A - From RDC,465
838,ASN-3553,Videx,South Africa,09-Oct-08,09-Oct-08,100mg,Chewable/dispersible tablet,No,Freight Included in Commodity Cost,Direct Drop,"Didanosine 100mg [Videx],chewable tablets, 60 Tabs",0.18,7,91.35,PMO - US,"BMS Meymac, France",Didanosine,13.05,Date Not Captured,SCMS-33320,Pre-PQ Process,Pre-PQ Process,ARV,116-ZA-T01,17-May-09,Truck,Pediatric,60,0.22,S. BUYS WHOLESALER,DDP,Weight Captured Separately
11914,DN-875,Uni-Gold,Kenya,26-Aug-08,26-Aug-08,MIssing,Test kit,Yes,11898.8,From RDC,"HIV 1/2, Uni-Gold HIV Kit, 20 Tests",252.21,4926,157632.0,PMO - US,"Trinity Biotech, Plc","HIV 1/2, Uni-Gold HIV Kit",32.0,N/A - From RDC,SO-12690,Pre-PQ Process,Pre-PQ Process,HRDT,510-KE-T01,26-Aug-08,Air,HIV test,20,1.6,SCMS from RDC,N/A - From RDC,2695
10865,DN-320,Stocrin/Sustiva,CÃte dIvoire,30-Aug-07,30-Aug-07,30mg/ml,Oral solution,No,See DN-320 (ID#:10593),From RDC,"Efavirenz 30mg/ml [Stocrin/Sustiva], oral solution, Bottle, 180 ml",13.79,508,8620.76,PMO - US,"MSD Patheon, Canada",Efavirenz,16.97,N/A - From RDC,SO-959,Pre-PQ Process,Pre-PQ Process,ARV,104-CI-T01,30-Aug-07,MIssing,Pediatric,180,0.09,SCMS from RDC,N/A - From RDC,See DN-320 (ID#:10593)
7954,ASN-68,Determine,Zambia,31-Oct-06,31-Oct-06,MIssing,Test kit,Yes,2487.58,Direct Drop,"HIV 1/2, Determine Complete HIV Kit, 100 Tests",MIssing,1250,100000.0,PMO - US,ABBVIE GmbH & Co.KG Wiesbaden,"HIV 1/2, Determine Complete HIV Kit",80.0,Date Not Captured,SCMS-109,Pre-PQ Process,Pre-PQ Process,HRDT,110-ZM-T01,31-Oct-06,Air,HIV test,100,0.8,Abbott GmbH & Co. KG,FCA,426
11525,DN-559,Generic,Tanzania,25-Feb-08,25-Feb-08,600mg,Tablet,No,See DN-559 (ID#:10940),From RDC,"Efavirenz 600mg, tablets, 30 Tabs",397.44,20000,248400.0,PMO - US,"Aurobindo Unit III, India",Efavirenz,12.42,N/A - From RDC,SO-1648,Pre-PQ Process,Pre-PQ Process,ARV,109-TZ-T01,25-Feb-08,Air,Adult,30,0.41,SCMS from RDC,N/A - From RDC,See DN-559 (ID#:10940)
12558,DN-1135,Generic,Nigeria,19-Mar-09,19-Mar-09,150/300/200mg,Tablet - FDC,Yes,11492.86,From RDC,"Lamivudine/Nevirapine/Zidovudine 150/200/300mg, tablets, 60 Tabs",356.25,15944,181761.6,PMO - US,"Aurobindo Unit III, India",Lamivudine/Nevirapine/Zidovudine,11.4,N/A - From RDC,SO-21801,Pre-PQ Process,Pre-PQ Process,ARV,151-NG-T01,19-Mar-09,Air Charter,Adult,60,0.19,SCMS from RDC,N/A - From RDC,1793
11602,DN-992,Generic,Uganda,09-Jan-09,09-Jan-09,150/200/30mg,Tablet - FDC,Yes,2202.02,From RDC,"Lamivudine/Nevirapine/Stavudine 150/200/30mg, tablets, 60 Tabs",21.32,1511,10879.2,PMO - US,"Strides, Bangalore, India.",Lamivudine/Nevirapine/Stavudine,7.2,N/A - From RDC,SO-17700,Pre-PQ Process,Pre-PQ Process,ARV,114-UG-T01,09-Jan-09,Air,Adult,60,0.12,SCMS from RDC,N/A - From RDC,205
2432,ASN-3581,Generic,South Africa,29-Jan-09,29-Jan-09,150mg,Tablet,Yes,Freight Included in Commodity Cost,Direct Drop,"Lamivudine 150mg, tablets, 60 Tabs",71.7,6700,36582.0,PMO - US,"Aurobindo Unit III, India",Lamivudine,5.46,Date Not Captured,SCMS-40860,Pre-PQ Process,Pre-PQ Process,ARV,116-ZA-T01,23-Jun-09,Air,Adult,60,0.09,S. BUYS WHOLESALER,DDP,Weight Captured Separately
10709,DN-1001,Generic,CÃte dIvoire,03-Dec-08,03-Dec-08,10mg/ml,Oral solution,Yes,2605.77,From RDC,"Zidovudine 10mg/ml, oral solution, Bottle, 240 ml",4.94,1200,2520.0,PMO - US,"Aurobindo Unit III, India",Zidovudine,2.1,N/A - From RDC,SO-16180,Pre-PQ Process,Pre-PQ Process,ARV,104-CI-T01,03-Dec-08,Air,Pediatric,240,0.01,SCMS from RDC,N/A - From RDC,448
11522,DN-577,Viread,Ethiopia,07-Feb-08,07-Feb-08,300mg,Tablet,Yes,1628.18,From RDC,"Tenofovir Disoproxil Fumarate 300mg [Viread], tablets, 30 Tabs",119.52,4394,74698.0,PMO - US,"Aspen-OSD, Port Elizabeth, SA",Tenofovir Disoproxil Fumarate,17.0,N/A - From RDC,SO-1601,Pre-PQ Process,Pre-PQ Process,ARV,117-ET-T01,07-Feb-08,Air,Adult,30,0.57,SCMS from RDC,N/A - From RDC,317
12893,DN-1291,Generic,Nigeria,16-Jun-09,16-Jun-09,150/300/200mg,Tablet - FDC,Yes,7329.83,From RDC,"Lamivudine/Nevirapine/Zidovudine 150/200/300mg, tablets, 60 Tabs",71.28,3190,36366.0,PMO - US,"Aurobindo Unit III, India",Lamivudine/Nevirapine/Zidovudine,11.4,N/A - From RDC,SO-30024,Pre-PQ Process,Pre-PQ Process,ARV,151-NG-T01,16-Jun-09,Air Charter,Adult,60,0.19,SCMS from RDC,N/A - From RDC,361
5976,ASN-2579,Colloidal Gold,Ethiopia,03-Oct-08,03-Oct-08,MIssing,Test kit,Yes,44347.71,Direct Drop,"HIV 1/2, SKB Colloidal Gold, Diagnostic Kit, Antibody, 50 Tests",257.53,6998,160954.0,PMO - US,"KHB Test Kit Facility, Shanghai China","HIV 1/2, Colloidal Gold, Diagnostic Kit, Antibody",23.0,8/22/08,SCMS-28720,Pre-PQ Process,Pre-PQ Process,HRDT,117-ET-T01,06-Oct-08,Air,HIV test,1,23.0,"SHANGHAI KEHUA BIOENGINEERING CO.,LTD.  (KHB)",EXW,5057
12571,DN-1203,Generic,Nigeria,08-May-09,08-May-09,150/300mg,Tablet - FDC,Yes,15128.37,From RDC,"Lamivudine/Zidovudine 150/300mg, tablets, 60 Tabs",183.26,10000,93500.0,PMO - US,"Aurobindo Unit III, India",Lamivudine/Zidovudine,9.35,N/A - From RDC,SO-23431,Pre-PQ Process,Pre-PQ Process,ARV,123-NG-T01,08-May-09,Air Charter,Adult,60,0.16,SCMS from RDC,N/A - From RDC,905
4648,ASN-2719,Colloidal Gold,Ethiopia,28-Oct-08,28-Oct-08,MIssing,Test kit,Yes,44360.44,Direct Drop,"HIV 1/2, SKB Colloidal Gold, Diagnostic Kit, Antibody, 50 Tests",315.65,7002,161046.0,PMO - US,"KHB Test Kit Facility, Shanghai China","HIV 1/2, Colloidal Gold, Diagnostic Kit, Antibody",23.0,8/22/08,SCMS-28700,Pre-PQ Process,Pre-PQ Process,HRDT,117-ET-T01,30-Oct-08,Air,HIV test,1,23.0,"SHANGHAI KEHUA BIOENGINEERING CO.,LTD.  (KHB)",EXW,5057
6403,ASN-3770,Epivir,South Africa,18-Mar-09,18-Mar-09,10mg/ml,Oral solution,Yes,Freight Included in Commodity Cost,Direct Drop,"Lamivudine 10mg/ml [Epivir], oral solution, Bottle, 240 ml",0.47,44,237.6,PMO - US,GSK Mississauga (Canada),Lamivudine,5.4,Date Not Captured,SCMS-41170,Pre-PQ Process,Pre-PQ Process,ARV,116-ZA-T01,18-Mar-09,Air,Pediatric,240,0.02,S. BUYS WHOLESALER,DDP,Weight Captured Separately
45,ASN-94,Generic,Tanzania,24-Nov-06,24-Nov-06,200mg,Tablet,Yes,6212.41,Direct Drop,"Nevirapine 200mg, tablets, 60 Tabs",MIssing,16667,60834.55,PMO - US,"Aurobindo Unit III, India",Nevirapine,3.65,Date Not Captured,SCMS-140,Pre-PQ Process,Pre-PQ Process,ARV,109-TZ-T01,24-Nov-06,Air,Adult,60,0.06,Aurobindo Pharma Limited,EXW,1478
3781,ASN-4323,OraQuick,Botswana,10-Jul-09,10-Jul-09,MIssing,Test kit,Yes,684.42,Direct Drop,"HIV 1/2, OraQuick Advance HIV Rapid Antibody Kit, 100 Tests",13.72,20,7000.0,PMO - US,"Pacific Biotech, Thailand","HIV 1/2, OraQuick Advance HIV Rapid Antibody Kit",350.0,3/25/09,SCMS-41880,Pre-PQ Process,Pre-PQ Process,HRDT,144-BW-T01,10-Jul-09,Air,HIV test,100,3.5,Orasure Technologies Inc.,EXW,48
7128,ASN-2300,Epivir,South Africa,14-May-08,14-May-08,10mg/ml,Oral solution,No,Freight Included in Commodity Cost,Direct Drop,"Lamivudine 10mg/ml [Epivir], oral solution, Bottle, 240 ml",4.71,470,2942.2,PMO - US,GSK Mississauga (Canada),Lamivudine,6.26,Date Not Captured,SCMS-23500,Pre-PQ Process,Pre-PQ Process,ARV,116-ZA-T01,20-Aug-08,Truck,Pediatric,240,0.03,S. BUYS WHOLESALER,DDP,Weight Captured Separately
12710,DN-323,Generic,CÃte dIvoire,14-Sep-07,14-Sep-07,20mg/ml,Oral solution,No,See DN-323 (ID#:10588),From RDC,"Abacavir 20mg/ml, oral solution, Bottle, 240 ml",39.6,1500,24750.0,PMO - US,"Aurobindo Unit III, India",Abacavir,16.5,N/A - From RDC,SO-963,Pre-PQ Process,Pre-PQ Process,ARV,104-CI-T01,14-Sep-07,MIssing,Pediatric,240,0.07,SCMS from RDC,N/A - From RDC,See DN-323 (ID#:10588)
11261,DN-730,Generic,Nigeria,26-May-08,26-May-08,150/30mg,Tablet - FDC,No,See DN-730 (ID#:11260),From RDC,"Lamivudine/Stavudine 150/30mg, tablets, 30 Tabs",5.01,1566,3132.0,PMO - US,"Cipla, Goa, India",Lamivudine/Stavudine,2.0,N/A - From RDC,SO-2501,Pre-PQ Process,Pre-PQ Process,ARV,130-NG-T01,26-May-08,Air,Adult,30,0.07,SCMS from RDC,N/A - From RDC,See DN-730 (ID#:11260)
11745,DN-228,Truvada,Zambia,09-Jul-07,09-Jul-07,300/200mg,Tablet - FDC,Yes,4407.26,From RDC,"Emtricitabine/Tenofovir Disoproxil Fumarate 200/300mg [Truvada], tablets, 30 Tabs",504,12000,315000.0,PMO - US,Gilead(Nycomed) Oranienburg DE,Emtricitabine/Tenofovir Disoproxil Fumarate,26.25,N/A - From RDC,SO-315,Pre-PQ Process,Pre-PQ Process,ARV,110-ZM-T01,09-Jul-07,MIssing,Adult,30,0.88,SCMS from RDC,N/A - From RDC,1005
12184,DN-778,Kaletra,Zambia,19-Jun-08,19-Jun-08,80/20mg/ml,Oral solution,Yes,2350.53,From RDC,"Lopinavir/Ritonavir 80/20mg/ml [Kaletra], oral solution, cool, Bottle 5 x 60 ml",82.86,1260,51786.0,PMO - US,ABBVIE (Abbott) Logis. UK,Lopinavir/Ritonavir,41.1,N/A - From RDC,SO-1884,Pre-PQ Process,Pre-PQ Process,ARV,110-ZM-T01,19-Jun-08,MIssing,Pediatric,300,0.14,SCMS from RDC,N/A - From RDC,1185
10357,ASN-3758,Viread,South Africa,11-Feb-09,11-Feb-09,300mg,Tablet,No,Freight Included in Commodity Cost,Direct Drop,"Tenofovir Disoproxil Fumarate 300mg [Viread], tablets, 30 Tabs",17.04,400,8692.0,PMO - US,"Aspen-OSD, Port Elizabeth, SA",Tenofovir Disoproxil Fumarate,21.73,Date Not Captured,SCMS-41230,Pre-PQ Process,Pre-PQ Process,ARV,116-ZA-T01,01-Apr-09,Air,Adult,30,0.72,S. BUYS WHOLESALER,DDP,Weight Captured Separately
8264,ASN-1410,Generic,Nigeria,10-Mar-08,10-Mar-08,MIssing,Test kit - Ancillary,Yes,Invoiced Separately,Direct Drop,"HIV, Lancet, Safety, for HIV Test kits, 100 Pcs",0.1,6199,61.99,PMO - US,Inverness Japan,"HIV, Lancet, Safety, for HIV Test kits, 100 Pcs",0.01,1/29/08,SCMS-16900,Pre-PQ Process,Pre-PQ Process,HRDT,102-NG-T01,12-Mar-08,Air,HIV test - Ancillary,100,0.0,"Orgenics, Ltd",EXW,Weight Captured Separately
10546,DN-93,Generic,Nigeria,17-Apr-07,17-Apr-07,10mg/ml,Oral suspension,Yes,3736,From RDC,"Nevirapine 10mg/ml, oral suspension, Bottle, 240 ml",MIssing,1216,4256.0,PMO - US,"Aurobindo Unit III, India",Nevirapine,3.5,N/A - From RDC,SO-341,Pre-PQ Process,Pre-PQ Process,ARV,112-NG-T01,17-Apr-07,MIssing,Pediatric,240,0.01,SCMS from RDC,N/A - From RDC,840
12690,DN-357,Generic,Zimbabwe,18-Sep-07,18-Sep-07,150/300mg,Tablet - FDC,Yes,1106,From RDC,"Lamivudine/Zidovudine 150/300mg, tablets, 60 Tabs",23.71,1560,14820.0,PMO - US,"Aurobindo Unit III, India",Lamivudine/Zidovudine,9.5,N/A - From RDC,SO-898,Pre-PQ Process,Pre-PQ Process,ARV,100-ZW-T01,18-Sep-07,Truck,Adult,60,0.16,SCMS from RDC,N/A - From RDC,90
5857,ASN-2116,Determine,Rwanda,22-Jul-08,22-Jul-08,MIssing,Test kit,Yes,26574.61,Direct Drop,"HIV 1/2, Determine HIV Kit, without Lancets, 100 Tests",484.62,4327,302890.0,PMO - US,Inverness Japan,"HIV 1/2, Determine HIV Kit, without Lancets",70.0,06-12-08,SCMS-25140,Pre-PQ Process,Pre-PQ Process,HRDT,107-RW-T01,22-Jul-08,Air,HIV test,100,0.7,"Orgenics, Ltd",EXW,986
12521,DN-1024,Generic,Mozambique,09-Feb-09,09-Feb-09,200mg,Capsule,No,See DN-1024 (ID#:10984),From RDC,"Efavirenz 200mg, capsule, 90 Caps",16.75,560,8545.6,PMO - US,"Aurobindo Unit III, India",Efavirenz,15.26,N/A - From RDC,SO-15084,Pre-PQ Process,Pre-PQ Process,ARV,111-MZ-T01,09-Feb-09,Air,Pediatric,90,0.17,SCMS from RDC,N/A - From RDC,See DN-1024 (ID#:10984)
12900,DN-1363,Generic,Zambia,29-Sep-09,29-Sep-09,600mg,Tablet,Yes,6759.28,From RDC,"Efavirenz 600mg, tablets, 30 Tabs",602.41,27941,307351.0,PMO - US,"Emcure Plot No.P-2, I.T-B.T. Park, Phase II, MIDC, Hinjwadi, Pune, India",Efavirenz,11.0,N/A - From RDC,SO-30310,Pre-PQ Process,Date Not Captured,ARV,110-ZM-T01,29-Sep-09,Truck,Adult,30,0.37,SCMS from RDC,N/A - From RDC,1970
6081,ASN-3312,Generic,Vietnam,27-Feb-09,27-Feb-09,150mg,Tablet,Yes,3894.21,Direct Drop,"Lamivudine 150mg, tablets, 60 Tabs",32.77,6966,16718.4,PMO - US,"Aurobindo Unit III, India",Lamivudine,2.4,10/21/08,SCMS-31720,Pre-PQ Process,Pre-PQ Process,ARV,108-VN-T01,27-Feb-09,Air,Adult,60,0.04,Aurobindo Pharma Limited,EXW,1068
11026,DN-1128,Aluvia,CÃte dIvoire,28-Apr-09,28-Apr-09,200/50mg,Tablet,Yes,8669.38,From RDC,"Lopinavir/Ritonavir 200/50mg [Aluvia], tablets, 120 Tabs",1005.34,12480,512928.0,PMO - US,ABBVIE Ludwigshafen Germany,Lopinavir/Ritonavir,41.1,N/A - From RDC,SO-21851,Pre-PQ Process,Pre-PQ Process,ARV,104-CI-T01,28-Apr-09,Air,Adult,120,0.34,SCMS from RDC,N/A - From RDC,2803
11356,DN-1463,Generic,Zambia,13-Oct-09,13-Oct-09,150/300mg,Tablet - FDC,Yes,4997.47,From RDC,"Lamivudine/Zidovudine 150/300mg, tablets, 60 Tabs",686.78,40000,350400.0,PMO - US,"Aurobindo Unit III, India",Lamivudine/Zidovudine,8.76,N/A - From RDC,SO-33022,Pre-PQ Process,Date Not Captured,ARV,110-ZM-T01,13-Oct-09,Truck,Adult,60,0.15,SCMS from RDC,N/A - From RDC,3626
12680,DN-322,Determine,Namibia,07-Sep-07,07-Sep-07,MIssing,Test kit,No,See DN-322 (ID#:10587),From RDC,"HIV 1/2, Determine Complete HIV Kit, 100 Tests",38.4,300,24000.0,PMO - US,ABBVIE GmbH & Co.KG Wiesbaden,"HIV 1/2, Determine Complete HIV Kit",80.0,N/A - From RDC,SO-884,Pre-PQ Process,Pre-PQ Process,HRDT,119-NA-T01,07-Sep-07,MIssing,HIV test,100,0.8,SCMS from RDC,N/A - From RDC,See DN-322 (ID#:10587)
12222,DN-872,Generic,Nigeria,18-Aug-08,18-Aug-08,150mg,Tablet,Yes,1020.98,From RDC,"Lamivudine 150mg, tablets, 60 Tabs",6.03,1300,3770.0,PMO - US,"Aurobindo Unit III, India",Lamivudine,2.9,N/A - From RDC,SO-10800,Pre-PQ Process,Pre-PQ Process,ARV,126-NG-T01,18-Aug-08,Air,Adult,60,0.05,SCMS from RDC,N/A - From RDC,65
12145,DN-601,Norvir,Mozambique,05-Apr-08,05-Apr-08,100mg,Capsule,No,See DN-601 (ID#:10651),From RDC,"Ritonavir 100mg [Norvir], capsules, cool, 84 Caps",11.66,760,7288.4,PMO - US,ABBVIE (Abbott) Logis. UK,Ritonavir,9.59,N/A - From RDC,SO-1039,Pre-PQ Process,Pre-PQ Process,ARV,111-MZ-T01,08-Apr-08,Air,Adult,84,0.11,SCMS from RDC,N/A - From RDC,See DN-601 (ID#:10651)
11398,DN-160,Invirase,CÃte dIvoire,15-Jun-07,15-Jun-07,200mg,Capsule,No,See DN-160 (ID#:11397),From RDC,"Saquinavir 200mg [Invirase], capsules, 270 Caps",MIssing,638,50172.32,PMO - US,Roche Basel,Saquinavir,78.64,N/A - From RDC,SO-517,Pre-PQ Process,Pre-PQ Process,ARV,104-CI-T01,15-Jun-07,MIssing,Adult,270,0.29,SCMS from RDC,N/A - From RDC,See DN-160 (ID#:11397)
11846,DN-550,Generic,Uganda,11-Mar-08,11-Mar-08,600mg,Tablet,Yes,1902.9,From RDC,"Efavirenz 600mg, tablets, 30 Tabs",66.85,3364,41780.88,PMO - US,"Aurobindo Unit III, India",Efavirenz,12.42,N/A - From RDC,SO-1304,Pre-PQ Process,Pre-PQ Process,ARV,114-UG-T01,11-Mar-08,Air,Adult,30,0.41,SCMS from RDC,N/A - From RDC,369
12164,DN-717,Generic,Nigeria,18-Apr-08,18-Apr-08,150mg,Tablet,No,See DN-717 (ID#:11858),From RDC,"Lamivudine 150mg, tablets, 60 Tabs",1.43,307,893.37,PMO - US,"Aurobindo Unit III, India",Lamivudine,2.91,N/A - From RDC,SO-2351,Pre-PQ Process,Pre-PQ Process,ARV,112-NG-T01,18-Apr-08,Air,Adult,60,0.05,SCMS from RDC,N/A - From RDC,See DN-717 (ID#:11858)
11144,DN-282,Generic,Mozambique,10-Oct-07,10-Oct-07,200mg,Capsule,Yes,3438.84,From RDC,"Efavirenz 200mg, capsule, 90 Caps",10.85,400,6780.0,PMO - US,"Aurobindo Unit III, India",Efavirenz,16.95,N/A - From RDC,SO-502,Pre-PQ Process,Pre-PQ Process,ARV,111-MZ-T01,10-Oct-07,Air,Pediatric,90,0.19,SCMS from RDC,N/A - From RDC,3340
11289,DN-968,Aluvia,Uganda,09-Dec-08,09-Dec-08,200/50mg,Tablet,Yes,2437.63,From RDC,"Lopinavir/Ritonavir 200/50mg [Aluvia], tablets, 120 Tabs",4.83,60,2466.0,PMO - US,ABBVIE Ludwigshafen Germany,Lopinavir/Ritonavir,41.1,N/A - From RDC,SO-17430,Pre-PQ Process,Pre-PQ Process,ARV,114-UG-T01,09-Dec-08,Air,Adult,120,0.34,SCMS from RDC,N/A - From RDC,547
11988,DN-1283,Generic,Haiti,25-Jun-09,25-Jun-09,200mg,Tablet,Yes,12448.02,From RDC,"Nevirapine 200mg, tablets, 60 Tabs",110.25,18750,56250.0,PMO - US,Hetero Unit III Hyderabad IN,Nevirapine,3.0,N/A - From RDC,SO-24851,Pre-PQ Process,Pre-PQ Process,ARV,106-HT-T01,25-Jun-09,Air,Adult,60,0.05,SCMS from RDC,N/A - From RDC,111
12495,DN-764,Generic,Tanzania,30-Jun-08,30-Jun-08,150/300mg,Tablet - FDC,Yes,8831.92,From RDC,"Lamivudine/Zidovudine 150/300mg, tablets, 60 Tabs",1696.33,112191,1060204.95,PMO - US,"Aurobindo Unit III, India",Lamivudine/Zidovudine,9.45,N/A - From RDC,SO-2558,Pre-PQ Process,Pre-PQ Process,ARV,109-TZ-T01,30-Jun-08,Truck,Adult,60,0.16,SCMS from RDC,N/A - From RDC,10453
12603,DN-1369,Generic,Uganda,10-Aug-09,10-Aug-09,150/300mg,Tablet - FDC,Yes,1534.1,From RDC,"Lamivudine/Zidovudine 150/300mg, tablets, 60 Tabs",41.55,2420,21199.2,PMO - US,Mylan (formerly Matrix) Nashik,Lamivudine/Zidovudine,8.76,N/A - From RDC,SO-30120,Pre-PQ Process,Date Not Captured,ARV,114-UG-T01,10-Aug-09,Air,Adult,60,0.15,SCMS from RDC,N/A - From RDC,202
13481,ASN-30377,Generic,South Africa,26-Jan-15,26-Jan-15,300mg,Tablet,Yes,Freight Included in Commodity Cost,Direct Drop,"Tenofovir Disoproxil Fumarate 300mg, tablets, 30 Tabs",1.87,132,1823.8,PMO - US,Mylan (formerly Matrix) Nashik,Tenofovir Disoproxil Fumarate,13.82,1/26/15,SCMS-259072,FPQ-14942,09-11-14,ARV,116-ZA-T30,26-Jan-15,Truck,Adult,30,0.46,PHARMACY DIRECT,DDP,Weight Captured Separately
12034,DN-51,Generic,CÃte dIvoire,04-May-07,04-May-07,600mg,Tablet,Yes,3002,From RDC,"Efavirenz 600mg, tablets, 30 Tabs",MIssing,10000,162500.0,PMO - US,"Aurobindo Unit III, India",Efavirenz,16.25,N/A - From RDC,SO-390,Pre-PQ Process,Pre-PQ Process,ARV,100-CI-T01,04-May-07,MIssing,Adult,30,0.54,SCMS from RDC,N/A - From RDC,898
11510,DN-457,Truvada,Zambia,24-Dec-07,24-Dec-07,300/200mg,Tablet - FDC,Yes,6035.4,From RDC,"Emtricitabine/Tenofovir Disoproxil Fumarate 200/300mg [Truvada], tablets, 30 Tabs",743.65,17706,464782.5,PMO - US,"Aspen-OSD, Port Elizabeth, SA",Emtricitabine/Tenofovir Disoproxil Fumarate,26.25,N/A - From RDC,SO-1187,Pre-PQ Process,Pre-PQ Process,ARV,110-ZM-T01,24-Dec-07,Air,Adult,30,0.88,SCMS from RDC,N/A - From RDC,1594
12585,DN-1245,Generic,Nigeria,16-Jun-09,16-Jun-09,30mg,Capsule,Yes,7329.83,From RDC,"Stavudine 30mg, capsules, 60 Caps",35.04,12000,17880.0,PMO - US,"Aurobindo Unit III, India",Stavudine,1.49,N/A - From RDC,SO-22840,Pre-PQ Process,Pre-PQ Process,ARV,123-NG-T01,16-Jun-09,Air Charter,Adult,60,0.02,SCMS from RDC,N/A - From RDC,789
12780,DN-737,Generic,Nigeria,14-May-08,14-May-08,150/300/200mg,Tablet - FDC,No,See DN-737 (ID#:11533),From RDC,"Lamivudine/Nevirapine/Zidovudine 150/200/300mg, tablets, 60 Tabs",352.93,16610,220580.8,PMO - US,"Cipla, Goa, India",Lamivudine/Nevirapine/Zidovudine,13.28,N/A - From RDC,SO-2575,Pre-PQ Process,Pre-PQ Process,ARV,131-NG-T01,14-May-08,Air,Adult,60,0.22,SCMS from RDC,N/A - From RDC,See DN-737 (ID#:11533)
4258,ASN-1520,Retrovir,South Africa,04-Jan-08,04-Jan-08,300mg,Tablet,No,Freight Included in Commodity Cost,Direct Drop,"Zidovudine 300mg [Retrovir], tablets, 60 Tabs",22.34,800,13960.0,PMO - US,GSK Aranda,Zidovudine,17.45,01-04-08,SCMS-16600,Pre-PQ Process,Pre-PQ Process,ARV,116-ZA-T01,21-Jan-08,MIssing,Adult,60,0.29,"JSI R&T INSTITUTE, INC.",DDP,Weight Captured Separately
10476,ASN-4710,Videx,Vietnam,24-Aug-09,24-Aug-09,25mg,Chewable/dispersible tablet,Yes,Freight Included in Commodity Cost,Direct Drop,"Didanosine 25mg [Videx], chewable tablets, 60 Tabs",6.59,480,3360.0,PMO - US,"BMS Meymac, France",Didanosine,7.0,5/27/09,SCMS-46570,Pre-PQ Process,Pre-PQ Process,ARV,108-VN-T01,24-Aug-09,Air,Pediatric,60,0.12,BRISTOL-MYERS SQUIBB,CIP,Weight Captured Separately
12797,DN-682,Generic,Haiti,21-Mar-08,21-Mar-08,20mg/ml,Oral solution,No,See DN-682 (ID#:10963),From RDC,"Abacavir 20mg/ml, oral solution, Bottle, 240 ml",3.38,128,2112.0,PMO - US,"Aurobindo Unit III, India",Abacavir,16.5,N/A - From RDC,SO-2042,Pre-PQ Process,Pre-PQ Process,ARV,106-HT-T01,21-Mar-08,Air,Pediatric,240,0.07,SCMS from RDC,N/A - From RDC,See DN-682 (ID#:10963)
12005,DN-1405,Generic,Zambia,22-Sep-09,22-Sep-09,150/200/30mg,Tablet - FDC,Yes,6759.28,From RDC,"Lamivudine/Nevirapine/Stavudine 150/200/30mg, tablets, 60 Tabs",732.38,52481,373664.72,PMO - US,"Cipla, Goa, India",Lamivudine/Nevirapine/Stavudine,7.12,N/A - From RDC,SO-32480,Pre-PQ Process,Date Not Captured,ARV,110-ZM-T01,22-Sep-09,Truck,Adult,60,0.12,SCMS from RDC,N/A - From RDC,5586
7720,ASN-3607,Aluvia,South Africa,28-Nov-08,28-Nov-08,200/50mg,Tablet,No,Freight Included in Commodity Cost,Direct Drop,"Lopinavir/Ritonavir 200/50mg [Aluvia], tablets, 120 Tabs",93.84,1500,47880.0,PMO - US,ABBVIE Ludwigshafen Germany,Lopinavir/Ritonavir,31.92,Date Not Captured,SCMS-40780,Pre-PQ Process,Pre-PQ Process,ARV,116-ZA-T01,17-Mar-09,Air,Adult,120,0.27,S. BUYS WHOLESALER,DDP,Weight Captured Separately
12266,DN-1138,Generic,Nigeria,19-Mar-09,19-Mar-09,150/300/200mg,Tablet - FDC,Yes,Freight Included in Commodity Cost,From RDC,"Lamivudine/Nevirapine/Zidovudine 150/200/300mg, tablets, 60 Tabs",8.27,370,4218.0,PMO - US,"Aurobindo Unit III, India",Lamivudine/Nevirapine/Zidovudine,11.4,N/A - From RDC,SO-21804,Pre-PQ Process,Pre-PQ Process,ARV,151-NG-T01,19-Mar-09,Air Charter,Adult,60,0.19,SCMS from RDC,N/A - From RDC,42
11623,DN-1133,Truvada,Nigeria,24-Mar-09,24-Mar-09,300/200mg,Tablet - FDC,Yes,6443.61,From RDC,"Emtricitabine/Tenofovir Disoproxil Fumarate 200/300mg [Truvada], tablets, 30 Tabs",16.77,326,8557.5,PMO - US,"Aspen-OSD, Port Elizabeth, SA",Emtricitabine/Tenofovir Disoproxil Fumarate,26.25,N/A - From RDC,SO-21785,Pre-PQ Process,Pre-PQ Process,ARV,151-NG-T01,24-Mar-09,Air,Adult,30,0.88,SCMS from RDC,N/A - From RDC,35
10553,DN-143,Uni-Gold,Zambia,21-May-07,21-May-07,MIssing,Test kit,Yes,13736.03,From RDC,"HIV 1/2, Uni-Gold HIV Kit, 20 Tests",MIssing,5212,166784.0,PMO - US,"Trinity Biotech, Plc","HIV 1/2, Uni-Gold HIV Kit",32.0,N/A - From RDC,SO-537,Pre-PQ Process,Pre-PQ Process,HRDT,110-ZM-T01,21-May-07,MIssing,HIV test,20,1.6,SCMS from RDC,N/A - From RDC,1780
11377,DN-92,Generic,Zimbabwe,18-Apr-07,18-Apr-07,300mg,Tablet,Yes,516.84,From RDC,"Zidovudine 300mg, tablets, 60 Tabs",MIssing,421,4113.17,PMO - US,"Ranbaxy, Paonta Shahib, India",Zidovudine,9.77,N/A - From RDC,SO-223,Pre-PQ Process,Pre-PQ Process,ARV,113-ZW-T01,18-Apr-07,MIssing,Adult,60,0.16,SCMS from RDC,N/A - From RDC,25
11411,DN-255,Determine,CÃte dIvoire,31-Jul-07,31-Jul-07,MIssing,Test kit,Yes,286.76,From RDC,"HIV 1/2, Determine Complete HIV Kit, 100 Tests",10.11,79,6320.0,PMO - US,ABBVIE GmbH & Co.KG Wiesbaden,"HIV 1/2, Determine Complete HIV Kit",80.0,N/A - From RDC,SO-788,Pre-PQ Process,Pre-PQ Process,HRDT,104-CI-T01,31-Jul-07,MIssing,HIV test,100,0.8,SCMS from RDC,N/A - From RDC,27
11670,DN-1371,Generic,Haiti,31-Jul-09,31-Jul-09,1mg/ml,Oral solution,Yes,6811.39,From RDC,"Stavudine 1mg/ml, powder for oral solution, 200 ml",1.1,400,560.0,PMO - US,"Aurobindo Unit III, India",Stavudine,1.4,N/A - From RDC,SO-32740,Pre-PQ Process,Date Not Captured,ARV,106-HT-T01,31-Jul-09,Air,Pediatric,200,0.01,SCMS from RDC,N/A - From RDC,39
12871,DN-1160,Generic,CÃte dIvoire,20-Mar-09,20-Mar-09,150mg,Tablet,Yes,Invoiced Separately,From RDC,"Lamivudine 150mg, tablets, 60 Tabs",59.58,10000,30400.0,PMO - US,"Ranbaxy, Paonta Shahib, India",Lamivudine,3.04,N/A - From RDC,SO-27020,Pre-PQ Process,Pre-PQ Process,ARV,104-CI-T01,20-Mar-09,Air,Adult,60,0.05,SCMS from RDC,N/A - From RDC,Weight Captured Separately
11935,DN-917,Generic,Nigeria,24-Sep-08,24-Sep-08,150/200/30mg,Tablet - FDC,No,See DN-917 (ID#:10745),From RDC,"Lamivudine/Nevirapine/Stavudine 150/200/30mg, tablets, 60 Tabs",58.64,4953,36652.2,PMO - US,"Cipla, Goa, India",Lamivudine/Nevirapine/Stavudine,7.4,N/A - From RDC,SO-2728,Pre-PQ Process,Pre-PQ Process,ARV,112-NG-T01,24-Sep-08,Air,Adult,60,0.12,SCMS from RDC,N/A - From RDC,See DN-917 (ID#:10745)
1070,ASN-3752,Generic,South Africa,21-Nov-08,21-Nov-08,30mg,Capsule,Yes,Freight Included in Commodity Cost,Direct Drop,"Stavudine 30mg, capsules, 60 Caps",6.63,1200,3384.0,PMO - US,"Aurobindo Unit III, India",Stavudine,2.82,Date Not Captured,SCMS-41140,Pre-PQ Process,Pre-PQ Process,ARV,116-ZA-T01,31-Mar-09,Air,Adult,60,0.05,S. BUYS WHOLESALER,DDP,Weight Captured Separately
12685,DN-304,Generic,Mozambique,21-Sep-07,21-Sep-07,600mg,Tablet,No,See DN-304 (ID#:10589),From RDC,"Efavirenz 600mg, tablets, 30 Tabs",78.6,2933,49127.75,PMO - US,"Aurobindo Unit III, India",Efavirenz,16.75,N/A - From RDC,SO-298,Pre-PQ Process,Pre-PQ Process,ARV,111-MZ-T01,21-Sep-07,Air,Adult,30,0.56,SCMS from RDC,N/A - From RDC,See DN-304 (ID#:10589)
12917,DN-1445,Generic,Nigeria,20-Oct-09,20-Oct-09,150/300/200mg,Tablet - FDC,Yes,9341.49,From RDC,"Lamivudine/Nevirapine/Zidovudine 150/200/300mg, tablets, 60 Tabs",564.88,25281,288203.4,PMO - US,"Aurobindo Unit III, India",Lamivudine/Nevirapine/Zidovudine,11.4,N/A - From RDC,SO-33338,Pre-PQ Process,Date Not Captured,ARV,151-NG-T01,20-Oct-09,Air Charter,Adult,60,0.19,SCMS from RDC,N/A - From RDC,2847
2478,ASN-4291,Determine,Guyana,01-Jul-09,01-Jul-09,MIssing,Test kit,Yes,1205.7,Direct Drop,"HIV 1/2, Determine Complete HIV Kit, 100 Tests",48.69,276,24840.0,PMO - US,Inverness Japan,"HIV 1/2, Determine Complete HIV Kit",90.0,3/30/09,SCMS-42320,Pre-PQ Process,Pre-PQ Process,HRDT,102-GY-T01,01-Jul-09,Air,HIV test,100,0.9,"Orgenics, Ltd",EXW,87
10893,DN-373,Generic,Nigeria,20-Sep-07,20-Sep-07,150mg,Tablet,No,See DN-373 (ID#:10623),From RDC,"Lamivudine 150mg, tablets, 60 Tabs",3.25,614,2032.34,PMO - US,"Aurobindo Unit III, India",Lamivudine,3.31,N/A - From RDC,SO-565,Pre-PQ Process,Pre-PQ Process,ARV,112-NG-T01,20-Sep-07,Air,Adult,60,0.06,SCMS from RDC,N/A - From RDC,See DN-373 (ID#:10623)
11903,DN-892,Generic,Haiti,09-Sep-08,09-Sep-08,10mg/ml,Oral solution,Yes,7100.67,From RDC,"Zidovudine 10mg/ml, oral solution, Bottle, 240 ml",4.84,1440,3024.0,PMO - US,"Aurobindo Unit III, India",Zidovudine,2.1,N/A - From RDC,SO-12161,Pre-PQ Process,Pre-PQ Process,ARV,106-HT-T01,09-Sep-08,Air,Pediatric,240,0.01,SCMS from RDC,N/A - From RDC,538
11025,DN-1139,Generic,Nigeria,19-Mar-09,19-Mar-09,150/300/200mg,Tablet - FDC,Yes,11492.86,From RDC,"Lamivudine/Nevirapine/Zidovudine 150/200/300mg, tablets, 60 Tabs",1103.46,49385,562989.0,PMO - US,"Aurobindo Unit III, India",Lamivudine/Nevirapine/Zidovudine,11.4,N/A - From RDC,SO-21805,Pre-PQ Process,Pre-PQ Process,ARV,151-NG-T01,19-Mar-09,Air Charter,Adult,60,0.19,SCMS from RDC,N/A - From RDC,5553
7125,ASN-2293,Kaletra,South Africa,08-May-08,08-May-08,80/20mg/ml,Oral solution,No,Freight Included in Commodity Cost,Direct Drop,"Lopinavir/Ritonavir 80/20mg/ml [Kaletra], oral solution, cool, Bottle 5 x 60 ml",2.37,40,1479.6,PMO - US,ABBVIE (Abbott) Logis. UK,Lopinavir/Ritonavir,36.99,Date Not Captured,SCMS-23500,Pre-PQ Process,Pre-PQ Process,ARV,116-ZA-T01,20-Aug-08,Truck,Pediatric,300,0.12,S. BUYS WHOLESALER,DDP,Weight Captured Separately
10544,DN-27,Generic,Nigeria,22-Feb-07,22-Feb-07,10mg/ml,Oral solution,Yes,4535,From RDC,"Lamivudine 10mg/ml, oral solution, Bottle, 240 ml",MIssing,1200,2640.0,PMO - US,"Aurobindo Unit III, India",Lamivudine,2.2,N/A - From RDC,SO-339,Pre-PQ Process,Pre-PQ Process,ARV,112-NG-T01,22-Feb-07,MIssing,Pediatric,240,0.01,SCMS from RDC,N/A - From RDC,1178
11011,DN-917,Norvir,Nigeria,24-Sep-08,24-Sep-08,100mg,Capsule,No,See DN-917 (ID#:10745),From RDC,"Ritonavir 100mg [Norvir], capsules, cool, 4 x 84 Caps",0.12,2,76.72,PMO - US,ABBVIE (Abbott) France,Ritonavir,38.36,N/A - From RDC,SO-2728,Pre-PQ Process,Pre-PQ Process,ARV,112-NG-T01,24-Sep-08,Air,Adult,336,0.11,SCMS from RDC,N/A - From RDC,See DN-917 (ID#:10745)
12800,DN-698,Generic,Mozambique,23-Jun-08,23-Jun-08,600mg,Tablet,No,See DN-698 (ID#:10970),From RDC,"Efavirenz 600mg, tablets, 30 Tabs",49.68,2500,31050.0,PMO - US,"Aurobindo Unit III, India",Efavirenz,12.42,N/A - From RDC,SO-1615,Pre-PQ Process,Pre-PQ Process,ARV,111-MZ-T01,23-Jun-08,Air,Adult,30,0.41,SCMS from RDC,N/A - From RDC,See DN-698 (ID#:10970)
3745,ASN-3635,Stocrin/Sustiva,South Africa,05-Dec-08,05-Dec-08,50mg,Capsule,Yes,4230.75,Direct Drop,"Efavirenz 50mg [Stocrin/Sustiva], capsule, 30 Caps",1.67,360,849.6,PMO - US,"MSD Midrand, Jburg, SA",Efavirenz,2.36,Date Not Captured,SCMS-41050,Pre-PQ Process,Pre-PQ Process,ARV,116-ZA-T01,21-Apr-09,Air,Pediatric,30,0.08,S. BUYS WHOLESALER,DDP,Weight Captured Separately
11981,DN-1250,Generic,Zambia,15-Jun-09,15-Jun-09,200mg,Capsule,No,See DN-1250 (ID#:10774),From RDC,"Efavirenz 200mg, capsule, 90 Caps",20.34,680,10376.8,PMO - US,"Aurobindo Unit III, India",Efavirenz,15.26,N/A - From RDC,SO-30300,Pre-PQ Process,Pre-PQ Process,ARV,110-ZM-T01,15-Jun-09,Truck,Pediatric,90,0.17,SCMS from RDC,N/A - From RDC,See DN-1250 (ID#:10774)
8207,ASN-1066,Generic,Rwanda,03-Jan-08,03-Jan-08,600mg,Tablet,Yes,28336.18,Direct Drop,"Efavirenz 600mg, tablets, 30 Tabs",611.19,32510,381992.5,PMO - US,"Aurobindo Unit III, India",Efavirenz,11.75,12-03-07,SCMS-14730,Pre-PQ Process,Pre-PQ Process,ARV,107-RW-T01,03-Jan-08,Air,Adult,30,0.39,Aurobindo Pharma Limited,CIP,2791
11667,DN-1350,Truvada,Nigeria,04-Aug-09,04-Aug-09,300/200mg,Tablet - FDC,Yes,7445.8,From RDC,"Emtricitabine/Tenofovir Disoproxil Fumarate 200/300mg [Truvada], tablets, 30 Tabs",7708.44,149824,3932880.0,PMO - US,"Aspen-OSD, Port Elizabeth, SA",Emtricitabine/Tenofovir Disoproxil Fumarate,26.25,N/A - From RDC,SO-27816,Pre-PQ Process,Date Not Captured,ARV,151-NG-T01,04-Aug-09,Air Charter,Adult,30,0.88,SCMS from RDC,N/A - From RDC,13037
11274,DN-1028,Generic,Zambia,08-Dec-08,08-Dec-08,300mg,Tablet,Yes,1062.5,From RDC,"Zidovudine 300mg, tablets, 60 Tabs",20.67,1294,10546.1,PMO - US,"Aurobindo Unit III, India",Zidovudine,8.15,N/A - From RDC,SO-19410,Pre-PQ Process,Pre-PQ Process,ARV,110-ZM-T01,08-Dec-08,Truck,Adult,60,0.14,SCMS from RDC,N/A - From RDC,76
12092,DN-304,Viread,Mozambique,21-Sep-07,21-Sep-07,300mg,Tablet,No,See DN-304 (ID#:10589),From RDC,"Tenofovir Disoproxil Fumarate 300mg [Viread], tablets, 30 Tabs",90.25,3318,56406.0,PMO - US,Gilead(Nycomed) Oranienburg DE,Tenofovir Disoproxil Fumarate,17.0,N/A - From RDC,SO-298,Pre-PQ Process,Pre-PQ Process,ARV,111-MZ-T01,21-Sep-07,Air,Adult,30,0.57,SCMS from RDC,N/A - From RDC,See DN-304 (ID#:10589)
2993,ASN-1520,Stocrin/Sustiva,South Africa,04-Jan-08,04-Jan-08,50mg,Capsule,No,Freight Included in Commodity Cost,Direct Drop,"Efavirenz 50mg [Stocrin/Sustiva], capsule, 30 Caps",1.11,200,696.0,PMO - US,"MSD Midrand, Jburg, SA",Efavirenz,3.48,01-04-08,SCMS-16600,Pre-PQ Process,Pre-PQ Process,ARV,116-ZA-T01,21-Jan-08,MIssing,Pediatric,30,0.12,"JSI R&T INSTITUTE, INC.",DDP,Weight Captured Separately
12646,DN-68,Viracept,Mozambique,04-May-07,04-May-07,250mg,Tablet,Yes,1824.11,From RDC,"Nelfinavir (as mesilate) 250mg [Viracept], tablets, 270 Tabs",MIssing,2579,205288.4,PMO - US,Roche Madrid,Nelfinavir (as mesilate),79.6,N/A - From RDC,SO-260,Pre-PQ Process,Pre-PQ Process,ARV,111-MZ-T01,04-May-07,Air,Adult,270,0.29,SCMS from RDC,N/A - From RDC,663
1637,ASN-3465,Stat-Pak,CÃte dIvoire,04-Mar-09,04-Mar-09,MIssing,Test kit,Yes,1104.69,Direct Drop,"HIV 1/2, Stat-Pak HIV, Kit, 20 Tests",15.29,289,7803.0,PMO - US,Chembio Diagnostics Sys. Inc.,"HIV 1/2, Stat-Pak HIV, Kit",27.0,2/27/08,SCMS-18320,Pre-PQ Process,Pre-PQ Process,HRDT,104-CI-T01,04-Mar-09,Air,HIV test,20,1.35,"CHEMBIO DIAGNOSTIC SYSTEMS, INC.",EXW,79
8864,ASN-3170,Aluvia,Tanzania,23-Feb-09,23-Feb-09,200/50mg,Tablet,Yes,12937.16,Direct Drop,"Lopinavir/Ritonavir 200/50mg [Aluvia], tablets, 120 Tabs",1006.95,12500,513750.0,PMO - US,ABBVIE Ludwigshafen Germany,Lopinavir/Ritonavir,41.1,12/30/08,SCMS-36490,Pre-PQ Process,Pre-PQ Process,ARV,109-TZ-T01,23-Feb-09,Air,Adult,120,0.34,ABBVIE LOGISTICS (FORMERLY ABBOTT LOGISTICS BV),FCA,3088
8737,ASN-2947,Uni-Gold,Namibia,22-Dec-08,22-Dec-08,MIssing,Test kit,Yes,7936.81,Direct Drop,"HIV 1/2, Uni-Gold HIV Kit, 20 Tests",40.77,650,20800.0,PMO - US,"Trinity Biotech, Plc","HIV 1/2, Uni-Gold HIV Kit",32.0,10/14/08,SCMS-31790,Pre-PQ Process,Pre-PQ Process,HRDT,119-NA-T01,22-Dec-08,Air,HIV test,20,1.6,"Trinity Biotech, Plc",EXW,278
6837,ASN-990,Viread,Rwanda,28-Jan-08,28-Jan-08,300mg,Tablet,No,See ASN-990 (ID#:1502),Direct Drop,"Tenofovir Disoproxil Fumarate 300mg [Viread], tablets, 30 Tabs",0,84,0.84,PMO - US,"Aspen-OSD, Port Elizabeth, SA",Tenofovir Disoproxil Fumarate,0.01,11-12-07,SCMS-13900,Pre-PQ Process,Pre-PQ Process,ARV,107-RW-T01,28-Jan-08,Air,Adult,30,0.0,ASPEN PHARMACARE,EXW,See ASN-990 (ID#:1502)
11961,DN-1164,Generic,CÃte dIvoire,24-Mar-09,24-Mar-09,200mg,Tablet,Yes,Invoiced Separately,From RDC,"Nevirapine 200mg, tablets, 60 Tabs",50.05,7511,25537.4,PMO - US,"Aurobindo Unit III, India",Nevirapine,3.4,N/A - From RDC,SO-27040,Pre-PQ Process,Pre-PQ Process,ARV,104-CI-T01,24-Mar-09,Air,Adult,60,0.06,SCMS from RDC,N/A - From RDC,Weight Captured Separately
8218,ASN-1696,Videx,Tanzania,08-May-08,08-May-08,2g,Powder for oral solution,Yes,Freight Included in Commodity Cost,Direct Drop,"Didanosine 2g [Videx], powder for oral solution 10mg/ml, reconstitute to 200 ml",14.34,712,8964.08,PMO - US,"BMS Meymac, France",Didanosine,12.59,12-10-07,SCMS-15220,Pre-PQ Process,Pre-PQ Process,ARV,109-TZ-T01,08-May-08,Air,Pediatric,200,0.06,BRISTOL-MYERS SQUIBB,CIP,Weight Captured Separately
10633,DN-426,Generic,Mozambique,29-Nov-07,29-Nov-07,150/300mg,Tablet - FDC,Yes,10879.28,From RDC,"Lamivudine/Zidovudine 150/300mg, tablets, 60 Tabs",152.67,10044,95418.0,PMO - US,"Cipla, Goa, India",Lamivudine/Zidovudine,9.5,N/A - From RDC,SO-1038,Pre-PQ Process,Pre-PQ Process,ARV,111-MZ-T01,29-Nov-07,Air,Adult,60,0.16,SCMS from RDC,N/A - From RDC,7341
11303,DN-1105,Generic,Ethiopia,20-Mar-09,20-Mar-09,150/300/200mg,Tablet - FDC,Yes,9138,From RDC,"Lamivudine/Nevirapine/Zidovudine 150/200/300mg, tablets, 60 Tabs",258.76,11188,132018.4,PMO - US,Mylan (formerly Matrix) Nashik,Lamivudine/Nevirapine/Zidovudine,11.8,N/A - From RDC,SO-22050,Pre-PQ Process,Pre-PQ Process,ARV,117-ET-T01,20-Mar-09,Air,Adult,60,0.2,SCMS from RDC,N/A - From RDC,1435
12513,DN-741,Uni-Gold,Pakistan,20-May-08,20-May-08,MIssing,Test kit,Yes,400.75,From RDC,"HIV 1/2, Uni-Gold HIV Kit, 20 Tests",0.51,10,320.0,PMO - US,"Trinity Biotech, Plc","HIV 1/2, Uni-Gold HIV Kit",32.0,N/A - From RDC,SO-2497,Pre-PQ Process,Pre-PQ Process,HRDT,100-PK-T01,20-May-08,Air,HIV test,20,1.6,SCMS from RDC,N/A - From RDC,3
3457,ASN-3192,Determine,Namibia,22-Jan-09,22-Jan-09,MIssing,Test kit,Yes,2946.64,Direct Drop,"HIV 1/2, Determine Complete HIV Kit, 100 Tests",21.17,150,10800.0,PMO - US,Inverness Japan,"HIV 1/2, Determine Complete HIV Kit",72.0,10/14/08,SCMS-31810,Pre-PQ Process,Pre-PQ Process,HRDT,119-NA-T01,22-Jan-09,Air,HIV test,100,0.72,"Orgenics, Ltd",EXW,46
7326,ASN-2503,Zerit,South Africa,14-Aug-08,14-Aug-08,1mg/ml,Powder for oral solution,No,Freight Included in Commodity Cost,Direct Drop,"Stavudine 1mg/ml [Zerit], powder for oral solution, Bottle, 200 ml",0.28,120,176.4,PMO - US,"BMS Meymac, France",Stavudine,1.47,Date Not Captured,SCMS-28830,Pre-PQ Process,Pre-PQ Process,ARV,116-ZA-T01,25-Aug-08,Truck,Pediatric,200,0.01,S. BUYS WHOLESALER,DDP,Weight Captured Separately
13115,ASN-27979,Generic,South Africa,27-Aug-14,27-Aug-14,200/300mg,Tablet - FDC,Yes,Freight Included in Commodity Cost,Direct Drop,"Emtricitabine/Tenofovir Disoproxil Fumarate 200/300mg, tablets, 30 Tabs",0.54,13,438.41,PMO - US,"Aurobindo Unit III, India",Emtricitabine/Tenofovir Disoproxil Fumarate,33.72,8/27/14,SCMS-199283,FPQ-12522,07-11-13,ARV,116-ZA-T30,27-Aug-14,Truck,Adult,30,1.12,S. BUYS WHOLESALER,DDP,Weight Captured Separately
139,ASN-788,Bioline,Tanzania,22-Nov-07,22-Nov-07,MIssing,Test kit,Yes,28461.1,Direct Drop,"HIV 1/2, Bioline 3.0 Kit, Lancets, Capillary pipets, Alcohol swabs included, 25 Tests",320,10000,200000.0,PMO - US,"Standard Diagnostics, Korea","HIV 1/2, Bioline 3.0 Kit, Lancets, Capillary pipets, Alcohol swabs included",20.0,Date Not Captured,SCMS-10290,Pre-PQ Process,Pre-PQ Process,HRDT,109-TZ-T01,22-Nov-07,Air,HIV test,25,0.8,"Standard Diagnostics, Inc.",EXW,3335
2960,ASN-2258,Capillus,Haiti,22-Aug-08,22-Aug-08,MIssing,Test kit,Yes,Invoiced Separately,Direct Drop,"HIV 1/2, Capillus HIV Kit, 100 Tests",0.44,2,278.0,PMO - US,"Trinity Biotech, Plc","HIV 1/2, Capillus HIV Kit",139.0,Date Not Captured,SCMS-15460,Pre-PQ Process,Pre-PQ Process,HRDT,100-HT-T01,22-Aug-08,Air,HIV test,100,1.39,"Trinity Biotech, Plc",EXW,Weight Captured Separately
10791,DN-1388,Generic,CÃte dIvoire,28-Sep-09,28-Sep-09,300mg,Tablet,Yes,6087.84,From RDC,"Zidovudine 300mg, tablets, 60 Tabs",103.31,7000,52710.0,PMO - US,Hetero Unit III Hyderabad IN,Zidovudine,7.53,N/A - From RDC,SO-32840,Pre-PQ Process,Date Not Captured,ARV,104-CI-T01,28-Sep-09,Air,Adult,60,0.13,SCMS from RDC,N/A - From RDC,396
3839,ASN-4047,Determine,Namibia,20-May-09,20-May-09,MIssing,Test kit,Yes,2760.11,Direct Drop,"HIV 1/2, Determine HIV Kit, without Lancets, 100 Tests",24.7,180,12600.0,PMO - US,Inverness Japan,"HIV 1/2, Determine HIV Kit, without Lancets",70.0,4/20/09,SCMS-44720,Pre-PQ Process,Pre-PQ Process,HRDT,139-NA-T01,20-May-09,Air,HIV test,100,0.7,"Orgenics, Ltd",EXW,43
2795,ASN-1114,Bioline,Tanzania,22-Jan-08,22-Jan-08,MIssing,Test kit,Yes,14505.37,Direct Drop,"HIV 1/2, Bioline 3.0 Kit, Lancets, Capillary pipets, Alcohol swabs included, 25 Tests",160,5000,100000.0,PMO - US,"Standard Diagnostics, Korea","HIV 1/2, Bioline 3.0 Kit, Lancets, Capillary pipets, Alcohol swabs included",20.0,8/15/07,SCMS-10320,Pre-PQ Process,Pre-PQ Process,HRDT,109-TZ-T01,22-Jan-08,Air,HIV test,25,0.8,"Standard Diagnostics, Inc.",EXW,1456
11327,DN-1250,Generic,Zambia,15-Jun-09,15-Jun-09,150/200/30mg,Tablet - FDC,No,See DN-1250 (ID#:10774),From RDC,"Lamivudine/Nevirapine/Stavudine 150/200/30mg, tablets, 60 Tabs",1325.74,95000,676400.0,PMO - US,"Cipla, Goa, India",Lamivudine/Nevirapine/Stavudine,7.12,N/A - From RDC,SO-30300,Pre-PQ Process,Pre-PQ Process,ARV,110-ZM-T01,15-Jun-09,Truck,Adult,60,0.12,SCMS from RDC,N/A - From RDC,See DN-1250 (ID#:10774)
9173,ASN-4079,Generic,Namibia,08-Jun-09,08-Jun-09,1mg/ml,Oral solution,Yes,1770.43,Direct Drop,"Stavudine 1mg/ml, powder for oral solution, 200 ml",2.1,800,1072.0,PMO - US,"Aurobindo Unit III, India",Stavudine,1.34,05-08-09,SCMS-45630,Pre-PQ Process,Pre-PQ Process,ARV,119-NA-T01,08-Jun-09,Air,Pediatric,200,0.01,Aurobindo Pharma Limited,EXW,98
5277,ASN-125,Generic,Uganda,22-Dec-06,22-Dec-06,150mg,Tablet,Yes,2623.49,Direct Drop,"Lamivudine 150mg, tablets, 60 Tabs",MIssing,6349,21269.15,PMO - US,"Ranbaxy, Paonta Shahib, India",Lamivudine,3.35,Date Not Captured,SCMS-159,Pre-PQ Process,Pre-PQ Process,ARV,114-UG-T01,22-Dec-06,Air,Adult,60,0.06,SUN PHARMACEUTICAL INDUSTRIES LTD (RANBAXY LABORATORIES LIMITED),EXW,369
5366,ASN-606,Generic,Haiti,07-Aug-07,07-Aug-07,MIssing,Test kit - Ancillary,Yes,240,Direct Drop,"HIV, Lancet, Safety, for HIV Test kits, 100 Pcs",0,300,3.0,PMO - US,Inverness Japan,"HIV, Lancet, Safety, for HIV Test kits, 100 Pcs",0.01,7/26/07,SCMS-10080,Pre-PQ Process,Pre-PQ Process,HRDT,100-HT-T01,13-Aug-07,Air,HIV test - Ancillary,100,0.0,"Orgenics, Ltd",EXW,24
12612,DN-1413,Generic,Mozambique,27-Aug-09,27-Aug-09,150/200/30mg,Tablet - FDC,Yes,2400.25,From RDC,"Lamivudine/Nevirapine/Stavudine 150/200/30mg, tablets, 60 Tabs",1373.14,98396,700579.52,PMO - US,"Strides, Bangalore, India.",Lamivudine/Nevirapine/Stavudine,7.12,N/A - From RDC,SO-26421,Pre-PQ Process,Date Not Captured,ARV,111-MZ-T01,27-Aug-09,Air,Adult,60,0.12,SCMS from RDC,N/A - From RDC,7426
6023,ASN-2615,Generic,Haiti,16-Oct-08,16-Oct-08,150mg,Tablet,Yes,21015.77,Direct Drop,"Chloroquine 150mg base (as phosphate), [DON] tablets, 1000 Tabs",0.39,30,197.1,PMO - US,Meditab (for Cipla) Daman IN,Chloroquine base (as phosphate),6.57,Date Not Captured,DSCM-10090,Pre-PQ Process,Pre-PQ Process,ANTM,106-HT-T01,16-Dec-08,Air,Malaria,1000,0.01,IDA FOUNDATION,EXW,3221
11737,DN-249,Uni-Gold,Angola,15-Oct-07,15-Oct-07,MIssing,Test kit,Yes,952.04,From RDC,"HIV 1/2, Uni-Gold HIV Kit, 20 Tests",7.68,150,4800.0,PMO - US,"Trinity Biotech, Plc","HIV 1/2, Uni-Gold HIV Kit",32.0,N/A - From RDC,SO-779,Pre-PQ Process,Pre-PQ Process,HRDT,120-AO-T01,15-Oct-07,Truck,HIV test,20,1.6,SCMS from RDC,N/A - From RDC,54
11492,DN-444,Determine,Haiti,31-Dec-07,31-Dec-07,MIssing,Test kit,No,See DN-444 (ID#:10639),From RDC,"HIV 1/2, Determine HIV Kit, without Lancets, 100 Tests",2.88,25,1800.0,PMO - US,Inverness Japan,"HIV 1/2, Determine HIV Kit, without Lancets",72.0,N/A - From RDC,SO-1290,Pre-PQ Process,Pre-PQ Process,HRDT,125-HT-T01,31-Dec-07,Air,HIV test,100,0.72,SCMS from RDC,N/A - From RDC,See DN-444 (ID#:10639)
9939,ASN-2513,Determine,Namibia,25-Sep-08,25-Sep-08,MIssing,Test kit,No,See ASN-2513 (ID#:3360),Direct Drop,"HIV 1/2, Determine HIV Kit, without Lancets, 100 Tests",0.22,2,140.0,PMO - US,Inverness Japan,"HIV 1/2, Determine HIV Kit, without Lancets",70.0,8/26/08,SCMS-28850,Pre-PQ Process,Pre-PQ Process,HRDT,119-NA-T01,25-Sep-08,Air,HIV test,100,0.7,"Orgenics, Ltd",EXW,See ASN-2513 (ID#:3360)
2681,ASN-86,Generic,Zambia,13-Nov-06,13-Nov-06,150/300mg,Tablet - FDC,Yes,14364.29,Direct Drop,"Lamivudine/Zidovudine 150/300mg, tablets, 60 Tabs",MIssing,38780,432009.2,PMO - US,"Aurobindo Unit III, India",Lamivudine/Zidovudine,11.14,Date Not Captured,SCMS-138,Pre-PQ Process,Pre-PQ Process,ARV,110-ZM-T01,13-Nov-06,Air,Adult,60,0.19,Aurobindo Pharma Limited,EXW,3217
10857,DN-323,Generic,CÃte dIvoire,14-Sep-07,14-Sep-07,30mg,Capsule,No,See DN-323 (ID#:10588),From RDC,"Stavudine 30mg, capsules, 60 Caps",7.99,3285,4993.2,PMO - US,"Strides, Bangalore, India.",Stavudine,1.52,N/A - From RDC,SO-963,Pre-PQ Process,Pre-PQ Process,ARV,104-CI-T01,14-Sep-07,MIssing,Adult,60,0.03,SCMS from RDC,N/A - From RDC,See DN-323 (ID#:10588)
12364,DN-184,Trizivir,Mozambique,11-Jul-07,11-Jul-07,300/150/300mg,Tablet - FDC,No,See DN-184 (ID#:12060),From RDC,"Abacavir/Lamivudine/Zidovudine 300/150/300mg [Trizivir], tablets, 60 Tabs",MIssing,1171,81970.0,PMO - US,GSK Ware (UK),Abacavir/Lamivudine/Zidovudine,70.0,N/A - From RDC,SO-578,Pre-PQ Process,Pre-PQ Process,ARV,111-MZ-T01,11-Jul-07,Air,Adult,60,1.17,SCMS from RDC,N/A - From RDC,See DN-184 (ID#:12060)
11523,DN-551,Generic,Nigeria,16-Jan-08,16-Jan-08,10mg/ml,Oral suspension,Yes,2047,From RDC,"Nevirapine 10mg/ml, oral suspension, Bottle, 240 ml",7.86,792,4910.4,PMO - US,"Aurobindo Unit III, India",Nevirapine,6.2,N/A - From RDC,SO-1430,Pre-PQ Process,Pre-PQ Process,ARV,112-NG-T01,16-Jan-08,Air,Pediatric,240,0.03,SCMS from RDC,N/A - From RDC,272
10564,DN-148,Crixivan,Mozambique,13-Jun-07,13-Jun-07,400mg,Capsule,Yes,8892.48,From RDC,"Indinavir 400mg [Crixivan], capsules, 180 Caps",MIssing,564,27816.48,PMO - US,MSD Elkton USA,Indinavir,49.32,N/A - From RDC,SO-576,Pre-PQ Process,Pre-PQ Process,ARV,111-MZ-T01,13-Jun-07,Air,Adult,180,0.27,SCMS from RDC,N/A - From RDC,3946
12421,DN-388,Generic,Zambia,09-Nov-07,09-Nov-07,600mg,Tablet,No,See DN-388 (ID#:11188),From RDC,"Efavirenz 600mg, tablets, 30 Tabs",292.78,11254,182990.04,PMO - US,"Aurobindo Unit III, India",Efavirenz,16.26,N/A - From RDC,SO-572,Pre-PQ Process,Pre-PQ Process,ARV,110-ZM-T01,09-Nov-07,MIssing,Adult,30,0.54,SCMS from RDC,N/A - From RDC,See DN-388 (ID#:11188)
6253,ASN-3490,Uni-Gold,Namibia,13-Mar-09,13-Mar-09,MIssing,Test kit,Yes,6862.01,Direct Drop,"HIV 1/2, Uni-Gold HIV Kit, 20 Tests",43.9,700,22400.0,PMO - US,"Trinity Biotech, Plc","HIV 1/2, Uni-Gold HIV Kit",32.0,1/14/09,SCMS-37070,Pre-PQ Process,Pre-PQ Process,HRDT,139-NA-T01,13-Mar-09,Air,HIV test,20,1.6,"Trinity Biotech, Plc",EXW,236
1,ASN-8,Reveal,CÃte dIvoire,02-Jun-06,02-Jun-06,MIssing,Test kit,Yes,780.34,Direct Drop,"HIV, Reveal G3 Rapid HIV-1 Antibody Test, 30 Tests",MIssing,19,551.0,PMO - US,Ranbaxy Fine Chemicals LTD,"HIV, Reveal G3 Rapid HIV-1 Antibody Test",29.0,Date Not Captured,SCMS-4,Pre-PQ Process,Pre-PQ Process,HRDT,100-CI-T01,02-Jun-06,Air,HIV test,30,0.97,RANBAXY Fine Chemicals LTD.,EXW,13
12711,DN-332,Generic,Ethiopia,04-Sep-07,04-Sep-07,10mg/ml,Oral suspension,No,See DN-332 (ID#:10613),From RDC,"Nevirapine 10mg/ml, oral suspension, Bottle, 240 ml",102.53,10336,64083.2,PMO - US,"Aurobindo Unit III, India",Nevirapine,6.2,N/A - From RDC,SO-914,Pre-PQ Process,Pre-PQ Process,ARV,117-ET-T01,04-Sep-07,MIssing,Pediatric,240,0.03,SCMS from RDC,N/A - From RDC,See DN-332 (ID#:10613)
10967,DN-667,Generic,Kenya,26-Mar-08,26-Mar-08,MIssing,Test kit - Ancillary,Yes,190.06,From RDC,"HIV, Lancet, Safety, for HIV Test kits, 100 Pcs",1.92,240,1200.0,PMO - US,Inverness Japan,"HIV, Lancet, Safety, for HIV Test kits, 100 Pcs",5.0,N/A - From RDC,SO-1390,Pre-PQ Process,Pre-PQ Process,HRDT,102-KE-T01,26-Mar-08,Truck,HIV test - Ancillary,100,0.05,SCMS from RDC,N/A - From RDC,751
11882,DN-770,Generic,Zimbabwe,09-Jun-08,09-Jun-08,600mg,Tablet,No,See DN-770 (ID#:10959),From RDC,"Efavirenz 600mg, tablets, 30 Tabs",36.96,1860,23101.2,PMO - US,"Aurobindo Unit III, India",Efavirenz,12.42,N/A - From RDC,SO-716,Pre-PQ Process,Pre-PQ Process,ARV,100-ZW-T01,09-Jun-08,Air,Adult,30,0.41,SCMS from RDC,N/A - From RDC,See DN-770 (ID#:10959)
399,ASN-2117,Generic,Guyana,28-Jul-08,28-Jul-08,MIssing,Test kit - Ancillary,Yes,360,Direct Drop,"HIV, Lancet, Safety, for HIV Test kits, 100 Pcs",0,213,2.13,PMO - US,Inverness Japan,"HIV, Lancet, Safety, for HIV Test kits, 100 Pcs",0.01,2/28/08,SCMS-18500,Pre-PQ Process,Pre-PQ Process,HRDT,102-GY-T01,28-Jul-08,Air,HIV test - Ancillary,100,0.0,"Orgenics, Ltd",EXW,14
8770,ASN-2936,Colloidal Gold,Ethiopia,01-Dec-08,01-Dec-08,MIssing,Test kit,Yes,22803.8,Direct Drop,"HIV 1/2, SKB Colloidal Gold, Diagnostic Kit, Antibody, 50 Tests",156.43,3470,79810.0,PMO - US,"KHB Test Kit Facility, Shanghai China","HIV 1/2, Colloidal Gold, Diagnostic Kit, Antibody",23.0,10/27/08,SCMS-32640,Pre-PQ Process,Pre-PQ Process,HRDT,117-ET-T01,03-Dec-08,Air,HIV test,1,23.0,"SHANGHAI KEHUA BIOENGINEERING CO.,LTD.  (KHB)",EXW,2509
4722,ASN-2586,Uni-Gold,Namibia,08-Oct-08,08-Oct-08,MIssing,Test kit,Yes,7078.9,Direct Drop,"HIV 1/2, Uni-Gold HIV Kit, 20 Tests",33.28,650,20800.0,PMO - US,"Trinity Biotech, Plc","HIV 1/2, Uni-Gold HIV Kit",32.0,9/19/08,SCMS-30720,Pre-PQ Process,Pre-PQ Process,HRDT,119-NA-T01,08-Oct-08,Air,HIV test,20,1.6,"Trinity Biotech, Plc",EXW,220
11587,DN-1107,Generic,Ethiopia,04-Mar-09,04-Mar-09,150/200/30mg,Tablet - FDC,Yes,14732.36,From RDC,"Lamivudine/Nevirapine/Stavudine 150/200/30mg, tablets, 60 Tabs",585.03,41922,298484.64,PMO - US,"Strides, Bangalore, India.",Lamivudine/Nevirapine/Stavudine,7.12,N/A - From RDC,SO-23980,Pre-PQ Process,Pre-PQ Process,ARV,117-ET-T01,04-Mar-09,Air,Adult,60,0.12,SCMS from RDC,N/A - From RDC,3190
10693,DN-480,Generic,Uganda,19-Mar-08,19-Mar-08,600mg,Tablet,Yes,1381.7,From RDC,"Efavirenz 600mg, tablets, 30 Tabs",40.94,2060,25585.2,PMO - US,"Aurobindo Unit III, India",Efavirenz,12.42,N/A - From RDC,SO-1301,Pre-PQ Process,Pre-PQ Process,ARV,114-UG-T01,19-Mar-08,Air,Adult,30,0.41,SCMS from RDC,N/A - From RDC,196
10801,DN-1494,Generic,CÃte dIvoire,27-Oct-09,27-Oct-09,30mg,Capsule,Yes,2298.6,From RDC,"Stavudine 30mg, capsules, 60 Caps",7.65,2430,3547.8,PMO - US,"Aurobindo Unit III, India",Stavudine,1.46,N/A - From RDC,SO-34140,Pre-PQ Process,Date Not Captured,ARV,104-CI-T01,27-Oct-09,Air,Adult,60,0.02,SCMS from RDC,N/A - From RDC,156
2450,ASN-4385,Retrovir,South Africa,20-Apr-09,20-Apr-09,10mg/ml,Injection,No,Freight Included in Commodity Cost,Direct Drop,"Zidovudine 10mg/ml [Retrovir], solution for IV infusion injection, Vial 5 x 20 ml",4.44,166,2265.9,PMO - US,GSK Ware (UK),Zidovudine,13.65,3/27/09,SCMS-41584,Pre-PQ Process,Pre-PQ Process,ARV,116-ZA-T01,25-Jun-09,Air,Pediatric,5,2.73,S. BUYS WHOLESALER,DDP,Weight Captured Separately
13106,ASN-27809,Generic,Vietnam,16-Sep-14,01-Oct-14,300mg,Tablet,Yes,3138.25,Direct Drop,"Tenofovir Disoproxil Fumarate 300mg, tablets, 30 Tabs",58.39,16000,56800.0,PMO - US,Hetero Unit III Hyderabad IN,Tenofovir Disoproxil Fumarate,3.55,4/30/14,SCMS-236120,FPQ-13976,04-08-14,ARV,108-VN-T30,16-Sep-14,Air,Adult,30,0.12,HETERO LABS LIMITED,EXW,1948
11367,DN-25,Viread,Rwanda,17-Mar-07,17-Mar-07,300mg,Tablet,Yes,12205.4,From RDC,"Tenofovir Disoproxil Fumarate 300mg [Viread], tablets, 30 Tabs",MIssing,4000,68000.0,PMO - US,Gilead(Nycomed) Oranienburg DE,Tenofovir Disoproxil Fumarate,17.0,N/A - From RDC,SO-308,Pre-PQ Process,Pre-PQ Process,ARV,107-RW-T01,17-Mar-07,Air,Adult,30,0.57,SCMS from RDC,N/A - From RDC,256
5979,ASN-2503,Videx EC,South Africa,14-Aug-08,14-Aug-08,250mg,Delayed-release capsules - blister,No,Freight Included in Commodity Cost,Direct Drop,"Didanosine EC 250mg [Videx EC], delayed-release capsules, Blister 3 x 10 Caps",2.92,100,1828.0,PMO - US,"BMS Meymac, France",Didanosine EC,18.28,Date Not Captured,SCMS-28830,Pre-PQ Process,Pre-PQ Process,ARV,116-ZA-T01,25-Aug-08,Truck,Adult,30,0.61,S. BUYS WHOLESALER,DDP,Weight Captured Separately
11014,DN-944,Generic,Haiti,04-Nov-08,04-Nov-08,200mg,Capsule,No,See DN-944 (ID#:11012),From RDC,"Efavirenz 200mg, capsule, 90 Caps",29.91,1000,15260.0,PMO - US,"Aurobindo Unit III, India",Efavirenz,15.26,N/A - From RDC,SO-15930,Pre-PQ Process,Pre-PQ Process,ARV,106-HT-T01,04-Nov-08,Air,Pediatric,90,0.17,SCMS from RDC,N/A - From RDC,See DN-944 (ID#:11012)
12887,DN-1254,Generic,Uganda,01-Jun-09,01-Jun-09,150/200/30mg,Tablet - FDC,Yes,2798.7,From RDC,"Lamivudine/Nevirapine/Stavudine 150/200/30mg, tablets, 60 Tabs",54.36,3895,27732.4,PMO - US,"Strides, Bangalore, India.",Lamivudine/Nevirapine/Stavudine,7.12,N/A - From RDC,SO-30070,Pre-PQ Process,Pre-PQ Process,ARV,114-UG-T01,01-Jun-09,Air,Adult,60,0.12,SCMS from RDC,N/A - From RDC,289
11574,DN-1012,Generic,Nigeria,26-Nov-08,26-Nov-08,150/300mg,Tablet - FDC,Yes,2426.8,From RDC,"Lamivudine/Zidovudine 150/300mg, tablets, 60 Tabs",50.95,2780,25993.0,PMO - US,"Aurobindo Unit III, India",Lamivudine/Zidovudine,9.35,N/A - From RDC,SO-17690,Pre-PQ Process,Pre-PQ Process,ARV,130-NG-T01,26-Nov-08,Air,Adult,60,0.16,SCMS from RDC,N/A - From RDC,262
7126,ASN-2484,Truvada,South Africa,14-Aug-08,14-Aug-08,300/200mg,Tablet - FDC,Yes,Freight Included in Commodity Cost,Direct Drop,"Emtricitabine/Tenofovir Disoproxil Fumarate 200/300mg [Truvada], tablets, 30 Tabs",9.18,150,5737.5,PMO - US,Gilead(Nycomed) Oranienburg DE,Emtricitabine/Tenofovir Disoproxil Fumarate,38.25,Date Not Captured,SCMS-23500,Pre-PQ Process,Pre-PQ Process,ARV,116-ZA-T01,20-Aug-08,Truck,Adult,30,1.27,S. BUYS WHOLESALER,DDP,Weight Captured Separately
4459,ASN-2524,Videx,Vietnam,30-Sep-08,30-Sep-08,25mg,Chewable/dispersible tablet,Yes,2035.66,Direct Drop,"Didanosine 25mg [Videx], chewable tablets, 60 Tabs",4.48,400,2800.0,PMO - US,"BMS Meymac, France",Didanosine,7.0,5/13/08,SCMS-23380,Pre-PQ Process,Pre-PQ Process,ARV,108-VN-T01,30-Sep-08,Air,Pediatric,60,0.12,BRISTOL-MYERS SQUIBB,CIP,81
12666,DN-267,Aluvia,CÃte dIvoire,03-Aug-07,03-Aug-07,200/50mg,Tablet,Yes,2457,From RDC,"Lopinavir/Ritonavir 200/50mg [Aluvia], tablets, 120 Tabs",203.4,3090,127122.6,PMO - US,ABBVIE Ludwigshafen Germany,Lopinavir/Ritonavir,41.14,N/A - From RDC,SO-733,Pre-PQ Process,Pre-PQ Process,ARV,104-CI-T01,03-Aug-07,MIssing,Adult,120,0.34,SCMS from RDC,N/A - From RDC,650
11119,DN-166,Crixivan,CÃte dIvoire,21-Jun-07,21-Jun-07,400mg,Capsule,Yes,3501,From RDC,"Indinavir 400mg [Crixivan], capsules, 180 Caps",MIssing,4402,220100.0,PMO - US,MSD Elkton USA,Indinavir,50.0,N/A - From RDC,SO-625,Pre-PQ Process,Pre-PQ Process,ARV,104-CI-T01,21-Jun-07,MIssing,Adult,180,0.28,SCMS from RDC,N/A - From RDC,994
13608,ASN-14973,Intelence,Uganda,21-May-12,21-May-12,100mg,Tablet,Yes,199,Direct Drop,"Etravirine 100mg [Intelence], tablets, 120 Tabs",12.72,121,9075.0,PMO - US,"Janssen-Cilag, Latina, IT",Etravirine,75.0,4/17/12,SCMS-143480,FPQ-9365,3/15/12,ARV,114-UG-T30,21-May-12,Air,Adult,120,0.62,ASPEN PHARMACARE,DDP,43
11766,DN-320,Generic,CÃte dIvoire,30-Aug-07,30-Aug-07,10mg/ml,Oral solution,No,See DN-320 (ID#:10593),From RDC,"Lamivudine 10mg/ml, oral solution, Bottle, 240 ml",7.95,2523,4970.31,PMO - US,"Cipla, Goa, India",Lamivudine,1.97,N/A - From RDC,SO-959,Pre-PQ Process,Pre-PQ Process,ARV,104-CI-T01,30-Aug-07,MIssing,Pediatric,240,0.01,SCMS from RDC,N/A - From RDC,See DN-320 (ID#:10593)
12883,DN-1235,Generic,Ghana,12-Aug-09,12-Aug-09,300mg,Tablet,No,See DN-1235 (ID#:10769),From RDC,"Zidovudine 300mg, tablets, 60 Tabs",0.16,8346,83.46,PMO - US,"Aurobindo Unit III, India",Zidovudine,0.01,N/A - From RDC,SO-30700,Pre-PQ Process,Date Not Captured,ARV,100-GH-T01,12-Aug-09,Truck,Adult,60,0.0,SCMS from RDC,N/A - From RDC,See DN-1235 (ID#:10769)
12200,DN-678,Generic,Botswana,25-Mar-08,25-Mar-08,MIssing,Test kit - Ancillary,No,See DN-678 (ID#:12199),From RDC,"HIV, Lancet, Safety, for HIV Test kits, 100 Pcs",0,200,2.0,PMO - US,Inverness Japan,"HIV, Lancet, Safety, for HIV Test kits, 100 Pcs",0.01,N/A - From RDC,SO-2041,Pre-PQ Process,Pre-PQ Process,HRDT,102-BW-T01,25-Mar-08,Truck,HIV test - Ancillary,100,0.0,SCMS from RDC,N/A - From RDC,See DN-678 (ID#:12199)
12296,DN-1293,Generic,Uganda,29-Jun-09,29-Jun-09,150/300/200mg,Tablet - FDC,Yes,14569.14,From RDC,"Lamivudine/Nevirapine/Zidovudine 150/200/300mg, tablets, 60 Tabs",235,10372,119900.32,PMO - US,Mylan (formerly Matrix) Nashik,Lamivudine/Nevirapine/Zidovudine,11.56,N/A - From RDC,SO-26170,Pre-PQ Process,Pre-PQ Process,ARV,114-UG-T01,29-Jun-09,Air,Adult,60,0.19,SCMS from RDC,N/A - From RDC,1312
7091,ASN-1832,Uni-Gold,Botswana,03-Jul-08,03-Jul-08,MIssing,Test kit,Yes,2442.32,Direct Drop,"HIV 1/2, Uni-Gold HIV Kit, 20 Tests",25.6,500,16000.0,PMO - US,"Trinity Biotech, Plc","HIV 1/2, Uni-Gold HIV Kit",32.0,4/28/08,SCMS-22680,Pre-PQ Process,Pre-PQ Process,HRDT,102-BW-T01,03-Jul-08,Air,HIV test,20,1.6,"Trinity Biotech, Plc",EXW,500
10905,DN-424,Generic,Zimbabwe,16-Nov-07,16-Nov-07,150/30mg,Tablet - FDC,Yes,598.08,From RDC,"Lamivudine/Stavudine 150/30mg, tablets, 30 Tabs",0,1,2.0,PMO - US,"Cipla, Goa, India",Lamivudine/Stavudine,2.0,N/A - From RDC,SO-1207,Pre-PQ Process,Pre-PQ Process,ARV,100-ZW-T01,16-Nov-07,Air,Adult,30,0.07,SCMS from RDC,N/A - From RDC,63
2476,ASN-4612,Norvir,South Africa,08-Jun-09,08-Jun-09,80mg/ml,Oral solution,Yes,Freight Included in Commodity Cost,Direct Drop,"Ritonavir 80mg/ml [Norvir], oral solution, cool, Bottle, 90 ml",0.08,6,43.2,PMO - US,ABBVIE (Abbott) France,Ritonavir,7.2,04-02-09,SCMS-42250,Pre-PQ Process,Pre-PQ Process,ARV,116-ZA-T01,31-Jul-09,Truck,Pediatric,90,0.08,S. BUYS WHOLESALER,DDP,Weight Captured Separately
668,ASN-2255,Paramax,Guyana,15-Aug-08,15-Aug-08,MIssing,Test kit,Yes,180,Direct Drop,"Malaria Paramax-3 Kit, 25 Tests",5.88,98,3675.0,PMO - US,Not Applicable,Malaria Paramax-3 Kit,37.5,7/25/08,SCMS-27670,Pre-PQ Process,Pre-PQ Process,MRDT,102-GY-T01,15-Aug-08,Air,Malaria,25,1.5,ZEPHYR BIOMEDICALS,CIP,34
12519,DN-789,Generic,Uganda,10-Jul-08,10-Jul-08,30mg,Capsule,Yes,578.24,From RDC,"Stavudine 30mg, capsules, 60 Caps",1.24,500,775.0,PMO - US,"Aurobindo Unit III, India",Stavudine,1.55,N/A - From RDC,SO-2677,Pre-PQ Process,Pre-PQ Process,ARV,114-UG-T01,10-Jul-08,Air,Adult,60,0.03,SCMS from RDC,N/A - From RDC,33
12171,DN-712,Generic,Zambia,09-May-08,09-May-08,150/300mg,Tablet - FDC,Yes,2347.91,From RDC,"Lamivudine/Zidovudine 150/300mg, tablets, 60 Tabs",756,50000,472500.0,PMO - US,"Aurobindo Unit III, India",Lamivudine/Zidovudine,9.45,N/A - From RDC,SO-1889,Pre-PQ Process,Pre-PQ Process,ARV,110-ZM-T01,09-May-08,MIssing,Adult,60,0.16,SCMS from RDC,N/A - From RDC,4655
11018,DN-945,Generic,Haiti,27-Oct-08,27-Oct-08,600mg,Tablet,Yes,101348.75,From RDC,"Efavirenz 600mg, tablets, 30 Tabs",144.18,8192,90112.0,PMO - US,Mylan (formerly Matrix) Nashik,Efavirenz,11.0,N/A - From RDC,SO-15950,Pre-PQ Process,Pre-PQ Process,ARV,106-HT-T01,27-Oct-08,Air,Adult,30,0.37,SCMS from RDC,N/A - From RDC,9516
11888,DN-640,Generic,Haiti,04-Mar-08,04-Mar-08,150mg,Tablet,Yes,2504.44,From RDC,"Lamivudine 150mg, tablets, 60 Tabs",13.96,2871,8727.84,PMO - US,"Aurobindo Unit III, India",Lamivudine,3.04,N/A - From RDC,SO-1287,Pre-PQ Process,Pre-PQ Process,ARV,106-HT-T01,04-Mar-08,Air,Adult,60,0.05,SCMS from RDC,N/A - From RDC,144
10728,DN-909,Generic,Nigeria,22-Sep-08,22-Sep-08,150/300mg,Tablet - FDC,No,See DN-909 (ID#:10727),From RDC,"Lamivudine/Zidovudine 150/300mg, tablets, 60 Tabs",28.33,1894,17708.9,PMO - US,Mylan (formerly Matrix) Nashik,Lamivudine/Zidovudine,9.35,N/A - From RDC,SO-10580,Pre-PQ Process,Pre-PQ Process,ARV,130-NG-T01,22-Sep-08,Air,Adult,60,0.16,SCMS from RDC,N/A - From RDC,See DN-909 (ID#:10727)
12791,DN-736,Generic,Haiti,29-May-08,29-May-08,10mg/ml,Oral solution,No,See DN-736 (ID#:12790),From RDC,"Lamivudine 10mg/ml, oral solution, Bottle, 240 ml",7.61,2415,4757.55,PMO - US,"Aurobindo Unit III, India",Lamivudine,1.97,N/A - From RDC,SO-2050,Pre-PQ Process,Pre-PQ Process,ARV,106-HT-T01,29-May-08,Air,Pediatric,240,0.01,SCMS from RDC,N/A - From RDC,See DN-736 (ID#:12790)
12592,DN-1285,Generic,Zambia,02-Jul-09,02-Jul-09,300/300mg,Tablet - FDC,Yes,16702.26,From RDC,"Lamivudine/Tenofovir Disoproxil Fumarate 300/300mg, tablets, 30 Tabs",2073.68,92000,1058000.0,PMO - US,Mylan (formerly Matrix) Nashik,Lamivudine/Tenofovir Disoproxil Fumarate,11.5,N/A - From RDC,SO-29060,Pre-PQ Process,Date Not Captured,ARV,110-ZM-T01,02-Jul-09,Truck,Adult,30,0.38,SCMS from RDC,N/A - From RDC,7101
11698,DN-15,Generic,Mozambique,01-Feb-07,01-Feb-07,15mg,Capsule,No,See DN-15 (ID#:10804),From RDC,"Stavudine 15mg, capsules, 60 Caps",MIssing,3287,7724.45,PMO - US,"Aurobindo Unit III, India",Stavudine,2.35,N/A - From RDC,SO-323,Pre-PQ Process,Pre-PQ Process,ARV,111-MZ-T01,01-Feb-07,Air,Adult,60,0.04,SCMS from RDC,N/A - From RDC,See DN-15 (ID#:10804)
12256,DN-1062,Generic,Ethiopia,04-Mar-09,04-Mar-09,150/200/30mg,Tablet - FDC,Yes,14144.68,From RDC,"Lamivudine/Nevirapine/Stavudine 150/200/30mg, tablets, 60 Tabs",1500.97,107556,765798.72,PMO - US,"Cipla, Goa, India",Lamivudine/Nevirapine/Stavudine,7.12,N/A - From RDC,SO-22030,Pre-PQ Process,Pre-PQ Process,ARV,117-ET-T01,04-Mar-09,Air,Adult,60,0.12,SCMS from RDC,N/A - From RDC,14450
6994,ASN-1487,Clearview,Namibia,02-Apr-08,02-Apr-08,MIssing,Test kit,Yes,1496.76,Direct Drop,"HIV 1/2, Clearview Complete Kit, 25 Tests",32.52,271,20325.0,PMO - US,Inverness USA,"HIV 1/2, Clearview Complete Kit",75.0,3/14/08,SCMS-18890,Pre-PQ Process,Pre-PQ Process,HRDT,119-NA-T01,02-Apr-08,Air,HIV test,25,3.0,"Orgenics, Ltd",EXW,260
11140,DN-271,Generic,CÃte dIvoire,14-Aug-07,14-Aug-07,150/30mg,Tablet - FDC,Yes,14893,From RDC,"Lamivudine/Stavudine 150/30mg, tablets, 30 Tabs",277.83,86821,173642.0,PMO - US,"Cipla, Goa, India",Lamivudine/Stavudine,2.0,N/A - From RDC,SO-701,Pre-PQ Process,Pre-PQ Process,ARV,104-CI-T01,14-Aug-07,MIssing,Adult,30,0.07,SCMS from RDC,N/A - From RDC,5697
13700,ASN-25451,Generic,Mozambique,02-May-14,07-May-14,150/300/200mg,Tablet - FDC,Yes,19286.53,Direct Drop,"Lamivudine/Nevirapine/Zidovudine 150/200/300mg, tablets, 60 Tabs",292.93,35136,284952.96,PMO - US,Hetero Unit III Hyderabad IN,Lamivudine/Nevirapine/Zidovudine,8.11,12/17/13,SCMS-219220,FPQ-13395,12-11-13,ARV,111-MZ-T30,02-May-14,Air,Adult,60,0.14,HETERO LABS LIMITED,EXW,4784
13205,ASN-4783,Determine,CÃte dIvoire,15-Sep-09,15-Sep-09,MIssing,Test kit,Yes,12858.12,Direct Drop,"HIV 1/2, Determine HIV Kit, without Lancets, 100 Tests",480.2,3500,245000.0,PMO - US,Inverness Japan,"HIV 1/2, Determine HIV Kit, without Lancets",70.0,07-09-09,SCMS-48630,FPQ-3885,6/19/09,HRDT,104-CI-T30,15-Sep-09,Air,HIV test,100,0.7,"Orgenics, Ltd",EXW,893
10844,DN-217,Uni-Gold,Rwanda,30-Jul-07,30-Jul-07,MIssing,Test kit,Yes,1324.61,From RDC,"HIV 1/2, Uni-Gold HIV Kit, 20 Tests",12.8,250,8000.0,PMO - US,"Trinity Biotech, Plc","HIV 1/2, Uni-Gold HIV Kit",32.0,N/A - From RDC,SO-644,Pre-PQ Process,Pre-PQ Process,HRDT,107-RW-T01,30-Jul-07,Air,HIV test,20,1.6,SCMS from RDC,N/A - From RDC,78
12461,DN-571,Determine,Rwanda,28-Jan-08,28-Jan-08,MIssing,Test kit,No,See DN-571 (ID#:10660),From RDC,"HIV 1/2, Determine HIV Kit, without Lancets, 100 Tests",241.08,2093,150675.07,PMO - US,Inverness Japan,"HIV 1/2, Determine HIV Kit, without Lancets",71.99,N/A - From RDC,SO-1222,Pre-PQ Process,Pre-PQ Process,HRDT,107-RW-T01,28-Jan-08,Air,HIV test,100,0.72,SCMS from RDC,N/A - From RDC,See DN-571 (ID#:10660)
11672,DN-1382,Generic,Zambia,17-Aug-09,17-Aug-09,300mg,Tablet,No,See DN-1382 (ID#:10788),From RDC,"Abacavir 300mg, tablets, 60 Tabs",519.07,10406,264832.7,PMO - US,Mylan (formerly Matrix) Nashik,Abacavir,25.45,N/A - From RDC,SO-32550,Pre-PQ Process,Date Not Captured,ARV,110-ZM-T01,17-Aug-09,Truck,Adult,60,0.42,SCMS from RDC,N/A - From RDC,See DN-1382 (ID#:10788)
12001,DN-1386,Generic,Zambia,15-Sep-09,15-Sep-09,150/300mg,Tablet - FDC,No,See DN-1386 (ID#:11673),From RDC,"Lamivudine/Zidovudine 150/300mg, tablets, 60 Tabs",1854.32,108000,946080.0,PMO - US,"Aurobindo Unit III, India",Lamivudine/Zidovudine,8.76,N/A - From RDC,SO-29040,Pre-PQ Process,Date Not Captured,ARV,110-ZM-T01,15-Sep-09,Truck,Adult,60,0.15,SCMS from RDC,N/A - From RDC,See DN-1386 (ID#:11673)
4432,ASN-1680,Determine,Haiti,03-Jan-08,03-Jan-08,MIssing,Test kit,Yes,Freight Included in Commodity Cost,Direct Drop,"HIV 1/2, Determine Complete HIV Kit, 100 Tests",4.08,30,2550.0,PMO - US,Inverness Japan,"HIV 1/2, Determine Complete HIV Kit",85.0,4/28/08,SCMS-22780,Pre-PQ Process,Pre-PQ Process,HRDT,106-HT-T01,18-Apr-08,Air,HIV test,100,0.85,REINBOLD EXPORT IMPORT,DDP,Weight Captured Separately
11160,DN-362,Generic,Uganda,05-Nov-07,05-Nov-07,600mg,Tablet,No,See DN-362 (ID#:10600),From RDC,"Efavirenz 600mg, tablets, 30 Tabs",34.12,1717,21325.14,PMO - US,"Strides, Bangalore, India.",Efavirenz,12.42,N/A - From RDC,SO-1080,Pre-PQ Process,Pre-PQ Process,ARV,114-UG-T01,05-Nov-07,Air,Adult,30,0.41,SCMS from RDC,N/A - From RDC,See DN-362 (ID#:10600)
10862,DN-304,Generic,Mozambique,21-Sep-07,21-Sep-07,150/300/200mg,Tablet - FDC,No,See DN-304 (ID#:10589),From RDC,"Lamivudine/Nevirapine/Zidovudine 150/200/300mg, tablets, 60 Tabs",481.35,17191,300842.5,PMO - US,"Cipla, Goa, India",Lamivudine/Nevirapine/Zidovudine,17.5,N/A - From RDC,SO-298,Pre-PQ Process,Pre-PQ Process,ARV,111-MZ-T01,21-Sep-07,Air,Adult,60,0.29,SCMS from RDC,N/A - From RDC,See DN-304 (ID#:10589)
6746,ASN-858,Stat-Pak,Nigeria,07-Nov-07,07-Nov-07,MIssing,Test kit,Yes,6197,Direct Drop,"HIV 1/2, Stat-Pak HIV, Kit, 20 Tests",432,10000,270000.0,PMO - US,Chembio Diagnostics Sys. Inc.,"HIV 1/2, Stat-Pak HIV, Kit",27.0,8/27/07,SCMS-11760,Pre-PQ Process,Pre-PQ Process,HRDT,102-NG-T01,07-Nov-07,Air,HIV test,20,1.35,"CHEMBIO DIAGNOSTIC SYSTEMS, INC.",EXW,3265
12716,DN-396,Generic,Zambia,12-Nov-07,12-Nov-07,10mg/ml,Oral suspension,Yes,13094.92,From RDC,"Nevirapine 10mg/ml, oral suspension, Bottle, 240 ml",109.08,10996,68175.2,PMO - US,"Aurobindo Unit III, India",Nevirapine,6.2,N/A - From RDC,SO-977,Pre-PQ Process,Pre-PQ Process,ARV,110-ZM-T01,12-Nov-07,MIssing,Pediatric,240,0.03,SCMS from RDC,N/A - From RDC,3967
11974,DN-1176,Generic,Mozambique,20-May-09,20-May-09,200mg,Capsule,No,See DN-1176 (ID#:11973),From RDC,"Efavirenz 200mg, capsule, 90 Caps",21.53,720,10987.2,PMO - US,"Aurobindo Unit III, India",Efavirenz,15.26,N/A - From RDC,SO-17530,Pre-PQ Process,Pre-PQ Process,ARV,111-MZ-T01,20-May-09,Air,Pediatric,90,0.17,SCMS from RDC,N/A - From RDC,See DN-1176 (ID#:11973)
6745,ASN-763,Determine,Guyana,08-Oct-07,08-Oct-07,MIssing,Test kit,Yes,1928.93,Direct Drop,"HIV 1/2, Determine HIV Kit, without Lancets, 100 Tests",50.91,442,31819.58,PMO - US,Inverness Japan,"HIV 1/2, Determine HIV Kit, without Lancets",71.99,8/28/07,SCMS-11650,Pre-PQ Process,Pre-PQ Process,HRDT,102-GY-T01,21-Sep-07,Air,HIV test,100,0.72,"Orgenics, Ltd",EXW,100
3302,ASN-2806,Generic,Vietnam,29-Nov-08,29-Nov-08,150/200/30mg,Tablet - FDC,Yes,2147.61,Direct Drop,"Lamivudine/Nevirapine/Stavudine 150/200/30mg, tablets, 60 Tabs",20.46,1440,10440.0,PMO - US,"Cipla, Goa, India",Lamivudine/Nevirapine/Stavudine,7.25,7/24/08,SCMS-27370,Pre-PQ Process,Pre-PQ Process,ARV,108-VN-T01,29-Nov-08,Air,Adult,60,0.12,CIPLA LIMITED,EXW,128
6624,ASN-146,Truvada,Zambia,09-Jan-07,09-Jan-07,300/200mg,Tablet - FDC,Yes,6546.69,Direct Drop,"Emtricitabine/Tenofovir Disoproxil Fumarate 200/300mg [Truvada], tablets, 30 Tabs",MIssing,14851,389838.75,PMO - US,Gilead(Nycomed) Oranienburg DE,Emtricitabine/Tenofovir Disoproxil Fumarate,26.25,Date Not Captured,SCMS-164,Pre-PQ Process,Pre-PQ Process,ARV,110-ZM-T01,09-Jan-07,Air,Adult,30,0.88,"GILEAD SCIENCES IRELAND, INC.",EXW,1244
10732,DN-1034,Generic,Mozambique,21-Feb-09,21-Feb-09,150/300/200mg,Tablet - FDC,Yes,3671.92,From RDC,"Lamivudine/Nevirapine/Zidovudine 150/200/300mg, tablets, 60 Tabs",302.98,13100,154580.0,PMO - US,"Aurobindo Unit III, India",Lamivudine/Nevirapine/Zidovudine,11.8,N/A - From RDC,SO-15080,Pre-PQ Process,Pre-PQ Process,ARV,111-MZ-T01,21-Feb-09,Air,Adult,60,0.2,SCMS from RDC,N/A - From RDC,6036
12555,DN-960,Generic,Nigeria,30-Oct-08,30-Oct-08,150/300mg,Tablet - FDC,No,See DN-960 (ID#:11945),From RDC,"Lamivudine/Zidovudine 150/300mg, tablets, 60 Tabs",50.16,2708,25590.6,PMO - US,Mylan (formerly Matrix) Nashik,Lamivudine/Zidovudine,9.45,N/A - From RDC,SO-2554,Pre-PQ Process,Pre-PQ Process,ARV,123-NG-T01,30-Oct-08,Air,Adult,60,0.16,SCMS from RDC,N/A - From RDC,See DN-960 (ID#:11945)
5049,ASN-3760,Retrovir,South Africa,26-Nov-08,26-Nov-08,300mg,Tablet,Yes,1521.4,Direct Drop,"Zidovudine 300mg [Retrovir], tablets, 60 Tabs",12.85,500,6555.0,PMO - US,GSK Aranda,Zidovudine,13.11,Date Not Captured,SCMS-41160,Pre-PQ Process,Pre-PQ Process,ARV,116-ZA-T01,01-Apr-09,Air,Adult,60,0.22,S. BUYS WHOLESALER,DDP,Weight Captured Separately
9022,ASN-3577,Kaletra,South Africa,01-Dec-08,01-Dec-08,80/20mg/ml,Oral solution,Yes,Freight Included in Commodity Cost,Direct Drop,"Lopinavir/Ritonavir 80/20mg/ml [Kaletra], oral solution, cool, Bottle 5 x 60 ml",5.55,90,2834.1,PMO - US,ABBVIE (Abbott) Logis. UK,Lopinavir/Ritonavir,31.49,Date Not Captured,SCMS-40800,Pre-PQ Process,Pre-PQ Process,ARV,116-ZA-T01,24-Mar-09,Air,Pediatric,300,0.1,S. BUYS WHOLESALER,DDP,Weight Captured Separately
11430,DN-298,Generic,Uganda,27-Aug-07,27-Aug-07,30mg,Capsule,No,See DN-298 (ID#:10863),From RDC,"Stavudine 30mg, capsules, 60 Caps",2.43,1000,1520.0,PMO - US,"Strides, Bangalore, India.",Stavudine,1.52,N/A - From RDC,SO-895,Pre-PQ Process,Pre-PQ Process,ARV,114-UG-T01,27-Aug-07,Air,Adult,60,0.03,SCMS from RDC,N/A - From RDC,See DN-298 (ID#:10863)
12910,DN-1407,Generic,Zambia,19-Oct-09,19-Oct-09,600mg,Tablet,No,See DN-1407 (ID#:11681),From RDC,"Efavirenz 600mg, tablets, 30 Tabs",720.72,45964,367712.0,PMO - US,"Aurobindo Unit III, India",Efavirenz,8.0,N/A - From RDC,SO-29030,Pre-PQ Process,Date Not Captured,ARV,110-ZM-T01,19-Oct-09,Truck,Adult,30,0.27,SCMS from RDC,N/A - From RDC,See DN-1407 (ID#:11681)
2295,ASN-3303,Uni-Gold,Namibia,02-Mar-09,02-Mar-09,MIssing,Test kit,Yes,1003.52,Direct Drop,"HIV 1/2, Uni-Gold HIV Kit, 20 Tests",4.26,68,2176.0,PMO - US,"Trinity Biotech, Plc","HIV 1/2, Uni-Gold HIV Kit",32.0,1/13/09,SCMS-37060,Pre-PQ Process,Pre-PQ Process,HRDT,119-NA-T01,02-Mar-09,Air,HIV test,20,1.6,"Trinity Biotech, Plc",EXW,22
5675,ASN-1664,Retrovir,South Africa,29-Feb-08,29-Feb-08,300mg,Tablet,No,Freight Included in Commodity Cost,Direct Drop,"Zidovudine 300mg [Retrovir], tablets, 60 Tabs",26.24,1000,16400.0,PMO - US,GSK Aranda,Zidovudine,16.4,2/20/08,SCMS-19800,Pre-PQ Process,Pre-PQ Process,ARV,116-ZA-T01,24-Apr-08,Truck,Adult,60,0.27,S. BUYS WHOLESALER,DDP,Weight Captured Separately
11813,DN-434,Generic,CÃte dIvoire,22-Nov-07,22-Nov-07,150mg,Tablet,No,See DN-434 (ID#:11483),From RDC,"Lamivudine 150mg, tablets, 60 Tabs",101.16,20797,63222.88,PMO - US,"Aurobindo Unit III, India",Lamivudine,3.04,N/A - From RDC,SO-1101,Pre-PQ Process,Pre-PQ Process,ARV,104-CI-T01,22-Nov-07,Air,Adult,60,0.05,SCMS from RDC,N/A - From RDC,See DN-434 (ID#:11483)
8023,ASN-417,Determine,Nigeria,31-May-07,31-May-07,MIssing,Test kit,Yes,5469.91,Direct Drop,"HIV 1/2, Determine Complete HIV Kit, 100 Tests",MIssing,2500,200000.0,PMO - US,ABBVIE GmbH & Co.KG Wiesbaden,"HIV 1/2, Determine Complete HIV Kit",80.0,4/30/07,SCMS-587,Pre-PQ Process,Pre-PQ Process,HRDT,102-NG-T01,31-May-07,Air,HIV test,100,0.8,Abbott GmbH & Co. KG,EXW,851
11767,DN-320,Generic,CÃte dIvoire,30-Aug-07,30-Aug-07,300mg,Tablet,No,See DN-320 (ID#:10593),From RDC,"Zidovudine 300mg, tablets, 60 Tabs",98.92,7586,61825.9,PMO - US,"Aurobindo Unit III, India",Zidovudine,8.15,N/A - From RDC,SO-959,Pre-PQ Process,Pre-PQ Process,ARV,104-CI-T01,30-Aug-07,MIssing,Adult,60,0.14,SCMS from RDC,N/A - From RDC,See DN-320 (ID#:10593)
12531,DN-843,Truvada,Nigeria,28-Jul-08,28-Jul-08,300/200mg,Tablet - FDC,Yes,7463.74,From RDC,"Emtricitabine/Tenofovir Disoproxil Fumarate 200/300mg [Truvada], tablets, 30 Tabs",630,15000,393750.0,PMO - US,"Aspen-OSD, Port Elizabeth, SA",Emtricitabine/Tenofovir Disoproxil Fumarate,26.25,N/A - From RDC,SO-2681,Pre-PQ Process,Pre-PQ Process,ARV,132-NG-T01,28-Jul-08,Air,Adult,30,0.88,SCMS from RDC,N/A - From RDC,1309
12326,DN-1486,Generic,Lebanon,18-Nov-09,18-Nov-09,10mg/ml,Oral suspension,No,See DN-1486 (ID#:11072),From RDC,"Nevirapine 10mg/ml, oral suspension, Bottle, 240 ml",0,50,0.5,PMO - US,"Aurobindo Unit III, India",Nevirapine,0.01,N/A - From RDC,SO-33890,Pre-PQ Process,Date Not Captured,ARV,100-LB-T01,18-Nov-09,Air,Pediatric,240,0.0,SCMS from RDC,N/A - From RDC,See DN-1486 (ID#:11072)
11282,DN-1063,Generic,Nigeria,09-Feb-09,09-Feb-09,300mg,Tablet,Yes,165,From RDC,"Abacavir 300mg, tablets, 60 Tabs",0.21,4,105.2,PMO - US,"Aurobindo Unit III, India",Abacavir,26.3,N/A - From RDC,SO-19430,Pre-PQ Process,Pre-PQ Process,ARV,112-NG-T01,09-Feb-09,Air,Adult,60,0.44,SCMS from RDC,N/A - From RDC,1
47,ASN-199,Aluvia,Zambia,30-Jan-07,30-Jan-07,200/50mg,Tablet,Yes,Freight Included in Commodity Cost,Direct Drop,"Lopinavir/Ritonavir 200/50mg [Aluvia], tablets, 120 Tabs",MIssing,2800,115080.0,PMO - US,ABBVIE (Abbott) St. Pburg USA,Lopinavir/Ritonavir,41.1,11/13/06,SCMS-165,Pre-PQ Process,Pre-PQ Process,ARV,110-ZM-T01,30-Jan-07,Air,Adult,120,0.34,ABBVIE LOGISTICS (FORMERLY ABBOTT LOGISTICS BV),CIP,643
10716,DN-1068,Generic,Uganda,19-Feb-09,19-Feb-09,600mg,Tablet,Yes,1340.96,From RDC,"Efavirenz 600mg, tablets, 30 Tabs",37.67,1747,19217.0,PMO - US,"Aurobindo Unit III, India",Efavirenz,11.0,N/A - From RDC,SO-17910,Pre-PQ Process,Pre-PQ Process,ARV,114-UG-T01,19-Feb-09,Air,Adult,30,0.37,SCMS from RDC,N/A - From RDC,152
13886,ASN-22594,Intelence,Uganda,20-Nov-13,21-Nov-13,100mg,Tablet,Yes,265,Direct Drop,"Etravirine 100mg [Intelence], tablets, 120 Tabs",4.81,108,3888.0,PMO - US,"Janssen-Cilag, Latina, IT",Etravirine,36.0,07-03-13,SCMS-192080,FPQ-12290,5/17/13,ARV,114-UG-T30,20-Nov-13,Air,Adult,120,0.3,ASPEN PHARMACARE,CIP,22
11207,DN-470,Generic,Zambia,26-Nov-07,26-Nov-07,600mg,Tablet,Yes,Invoiced Separately,From RDC,"Efavirenz 600mg, tablets, 30 Tabs",1.67,84,1043.28,PMO - US,"Aurobindo Unit III, India",Efavirenz,12.42,N/A - From RDC,SO-1429,Pre-PQ Process,Pre-PQ Process,ARV,110-ZM-T01,26-Nov-07,Air,Adult,30,0.41,SCMS from RDC,N/A - From RDC,Weight Captured Separately
12484,DN-748,Generic,Tanzania,30-Jun-08,30-Jun-08,600mg,Tablet,Yes,9330,From RDC,"Efavirenz 600mg, tablets, 30 Tabs",1441.2,75000,900750.0,PMO - US,"Aurobindo Unit III, India",Efavirenz,12.01,N/A - From RDC,SO-2556,Pre-PQ Process,Pre-PQ Process,ARV,109-TZ-T01,30-Jun-08,Truck,Adult,30,0.4,SCMS from RDC,N/A - From RDC,15566
8951,ASN-3697,Uni-Gold,Rwanda,06-Apr-09,06-Apr-09,MIssing,Test kit,Yes,6269.97,Direct Drop,"HIV 1/2, Uni-Gold HIV Kit, 20 Tests",72.94,1163,37216.0,PMO - US,"Trinity Biotech, Plc","HIV 1/2, Uni-Gold HIV Kit",32.0,2/18/09,SCMS-38680,Pre-PQ Process,Pre-PQ Process,HRDT,107-RW-T01,06-Apr-09,Air,HIV test,20,1.6,"Trinity Biotech, Plc",EXW,385
11810,DN-425,Generic,Zimbabwe,16-Nov-07,16-Nov-07,150/200/30mg,Tablet - FDC,Yes,7364.52,From RDC,"Lamivudine/Nevirapine/Stavudine 150/200/30mg, tablets, 60 Tabs",263.32,22240,164576.0,PMO - US,"Cipla, Goa, India",Lamivudine/Nevirapine/Stavudine,7.4,N/A - From RDC,SO-1150,Pre-PQ Process,Pre-PQ Process,ARV,100-ZW-T01,16-Nov-07,Air,Adult,60,0.12,SCMS from RDC,N/A - From RDC,2262
12063,DN-172,Generic,Nigeria,26-Jun-07,26-Jun-07,150/300mg,Tablet - FDC,No,See DN-172 (ID#:10566),From RDC,"Lamivudine/Zidovudine 150/300mg, tablets, 60 Tabs",MIssing,203,2168.04,PMO - US,"Aurobindo Unit III, India",Lamivudine/Zidovudine,10.68,N/A - From RDC,SO-557,Pre-PQ Process,Pre-PQ Process,ARV,112-NG-T01,26-Jun-07,MIssing,Adult,60,0.18,SCMS from RDC,N/A - From RDC,See DN-172 (ID#:10566)
11951,DN-1112,Generic,CÃte dIvoire,05-Mar-09,05-Mar-09,1mg/ml,Oral solution,Yes,1286,From RDC,"Stavudine 1mg/ml, powder for oral solution, 200 ml",2.2,800,1120.0,PMO - US,"Aurobindo Unit III, India",Stavudine,1.4,N/A - From RDC,SO-16223,Pre-PQ Process,Pre-PQ Process,ARV,104-CI-T01,05-Mar-09,Air,Pediatric,200,0.01,SCMS from RDC,N/A - From RDC,77
12297,DN-1294,Truvada,Nigeria,16-Jun-09,16-Jun-09,300/200mg,Tablet - FDC,Yes,7329.83,From RDC,"Emtricitabine/Tenofovir Disoproxil Fumarate 200/300mg [Truvada], tablets, 30 Tabs",1405.31,27314,716992.5,PMO - US,"Aspen-OSD, Port Elizabeth, SA",Emtricitabine/Tenofovir Disoproxil Fumarate,26.25,N/A - From RDC,SO-22520,Pre-PQ Process,Pre-PQ Process,ARV,151-NG-T01,16-Jun-09,Air Charter,Adult,30,0.88,SCMS from RDC,N/A - From RDC,2363
3735,ASN-3607,Zerit,South Africa,28-Nov-08,28-Nov-08,15mg,Capsule,No,Freight Included in Commodity Cost,Direct Drop,"Stavudine 15mg [Zerit], capsules, 60 Caps",7.78,1000,3970.0,PMO - US,"BMS Meymac, France",Stavudine,3.97,Date Not Captured,SCMS-40780,Pre-PQ Process,Pre-PQ Process,ARV,116-ZA-T01,17-Mar-09,Air,Adult,60,0.07,S. BUYS WHOLESALER,DDP,Weight Captured Separately
6257,ASN-3561,Generic,Vietnam,07-Apr-09,07-Apr-09,30mg,Capsule,No,See ASN-3561 (ID#:2297),Direct Drop,"Stavudine 30mg, capsules, 60 Caps",27.21,9576,13885.2,PMO - US,"Aurobindo Unit III, India",Stavudine,1.45,1/16/09,SCMS-37160,Pre-PQ Process,Pre-PQ Process,ARV,108-VN-T01,07-Apr-09,Air,Adult,60,0.02,Aurobindo Pharma Limited,EXW,See ASN-3561 (ID#:2297)
13555,ASN-29768,Generic,Vietnam,05-Feb-15,05-Feb-15,150/300/200mg,Tablet - FDC,Yes,2504.64,Direct Drop,"Lamivudine/Nevirapine/Zidovudine 150/200/300mg, tablets, 60 Tabs",108.25,13000,105300.0,PMO - US,Mylan (formerly Matrix) Nashik,Lamivudine/Nevirapine/Zidovudine,8.1,08-08-14,SCMS-249040,FPQ-14516,07-09-14,ARV,108-VN-T30,05-Feb-15,Air,Adult,60,0.13,MYLAN LABORATORIES LTD (FORMERLY MATRIX LABORATORIES),EXW,2672
11945,DN-960,Generic,Nigeria,30-Oct-08,30-Oct-08,30mg,Capsule,Yes,18617.93,From RDC,"Stavudine 30mg, capsules, 60 Caps",23.46,7876,11971.52,PMO - US,"Aurobindo Unit III, India",Stavudine,1.52,N/A - From RDC,SO-2554,Pre-PQ Process,Pre-PQ Process,ARV,123-NG-T01,30-Oct-08,Air,Adult,60,0.03,SCMS from RDC,N/A - From RDC,5588
9499,ASN-1067,Generic,Rwanda,03-Jan-08,03-Jan-08,600mg,Tablet,Yes,19088.86,Direct Drop,"Efavirenz 600mg, tablets, 30 Tabs",907.27,48259,567043.25,PMO - US,"Aurobindo Unit III, India",Efavirenz,11.75,12-03-07,SCMS-14730,Pre-PQ Process,Pre-PQ Process,ARV,107-RW-T01,03-Jan-08,Air,Adult,30,0.39,Aurobindo Pharma Limited,CIP,4143
1356,ASN-744,Generic,Vietnam,02-Oct-07,02-Oct-07,10mg/ml,Oral suspension,Yes,13762.41,Direct Drop,"Nevirapine 10mg/ml, oral suspension, Bottle, 240 ml",3.07,1000,1920.0,PMO - US,"Aurobindo Unit III, India",Nevirapine,1.92,07-03-07,SCMS-749,Pre-PQ Process,Pre-PQ Process,ARV,108-VN-T01,02-Oct-07,Air,Pediatric,240,0.01,Aurobindo Pharma Limited,EXW,960
13275,ASN-32259,Generic,Vietnam,13-Jul-15,14-Jul-15,600/300/300mg,Tablet - FDC,Yes,3816.3,Direct Drop,"Efavirenz/Lamivudine/Tenofovir Disoproxil Fumarate 600/300/300mg, tablets, 30 Tabs",209.04,17760,177600.0,PMO - US,Hetero Unit III Hyderabad IN,Efavirenz/Lamivudine/Tenofovir Disoproxil Fumarate,10.0,2/17/15,SCMS-274370,FPQ-15692,1/28/15,ARV,108-VN-T30,13-Jul-15,Air,Adult,30,0.33,HETERO LABS LIMITED,EXW,2516
9154,ASN-4419,Generic,Vietnam,10-Jul-09,10-Jul-09,150mg,Tablet,No,See ASN-4419 (ID#:3851),Direct Drop,"Lamivudine 150mg, tablets, 60 Tabs",28.22,6000,14400.0,PMO - US,"Aurobindo Unit III, India",Lamivudine,2.4,4/29/09,SCMS-45070,Pre-PQ Process,Pre-PQ Process,ARV,108-VN-T01,10-Jul-09,Air,Adult,60,0.04,Aurobindo Pharma Limited,EXW,See ASN-4419 (ID#:3851)
13904,ASN-27943,Generic,Vietnam,30-Oct-14,04-Nov-14,150/300mg,Tablet - FDC,Yes,3708.72,Direct Drop,"Lamivudine/Zidovudine 150/300mg, tablets, 60 Tabs",65.38,9800,63602.0,PMO - US,Mylan (formerly Matrix) Nashik,Lamivudine/Zidovudine,6.49,4/30/14,SCMS-236050,FPQ-13976,04-08-14,ARV,108-VN-T30,30-Oct-14,Air,Adult,60,0.11,MYLAN LABORATORIES LTD (FORMERLY MATRIX LABORATORIES),EXW,2235
8204,ASN-1154,OraQuick,Botswana,27-Dec-07,27-Dec-07,MIssing,Test kit,Yes,Freight Included in Commodity Cost,Direct Drop,"HIV 1/2, OraQuick Advance HIV Rapid Antibody Kit, 100 Tests",2.8,5,1750.0,PMO - US,"Pacific Biotech, Thailand","HIV 1/2, OraQuick Advance HIV Rapid Antibody Kit",350.0,11/27/07,SCMS-14600,Pre-PQ Process,Pre-PQ Process,HRDT,102-BW-T01,27-Dec-07,Air,HIV test,100,3.5,Orasure Technologies Inc.,CIF,Weight Captured Separately
11138,DN-246,Aluvia,Tanzania,13-Aug-07,13-Aug-07,200/50mg,Tablet,Yes,4198,From RDC,"Lopinavir/Ritonavir 200/50mg [Aluvia], tablets, 120 Tabs",197.28,3000,123300.0,PMO - US,ABBVIE Ludwigshafen Germany,Lopinavir/Ritonavir,41.1,N/A - From RDC,SO-441,Pre-PQ Process,Pre-PQ Process,ARV,109-TZ-T01,13-Aug-07,Air,Adult,120,0.34,SCMS from RDC,N/A - From RDC,1422
6397,ASN-3609,Zerit,South Africa,04-Dec-08,04-Dec-08,30mg,Capsule,No,Freight Included in Commodity Cost,Direct Drop,"Stavudine 30mg [Zerit], capsules, 60 Caps",76.82,10260,39193.2,PMO - US,"BMS Meymac, France",Stavudine,3.82,Date Not Captured,SCMS-40820,Pre-PQ Process,Pre-PQ Process,ARV,116-ZA-T01,14-Apr-09,Air,Adult,60,0.06,S. BUYS WHOLESALER,DDP,Weight Captured Separately
11880,DN-733,Generic,Haiti,26-May-08,26-May-08,150/300mg,Tablet - FDC,No,See DN-733 (ID#:10688),From RDC,"Lamivudine/Zidovudine 150/300mg, tablets, 60 Tabs",436.91,28896,273067.2,PMO - US,"Aurobindo Unit III, India",Lamivudine/Zidovudine,9.45,N/A - From RDC,SO-2059,Pre-PQ Process,Pre-PQ Process,ARV,106-HT-T01,26-May-08,Air,Adult,60,0.16,SCMS from RDC,N/A - From RDC,See DN-733 (ID#:10688)
12307,DN-1377,Generic,Mozambique,17-Sep-09,17-Sep-09,150/200/30mg,Tablet - FDC,Yes,1799.88,From RDC,"Lamivudine/Nevirapine/Stavudine 150/200/30mg, tablets, 60 Tabs",1060.6,76000,541120.0,PMO - US,"Strides, Bangalore, India.",Lamivudine/Nevirapine/Stavudine,7.12,N/A - From RDC,SO-26420,Pre-PQ Process,Date Not Captured,ARV,111-MZ-T01,17-Sep-09,Truck,Adult,60,0.12,SCMS from RDC,N/A - From RDC,5597
12929,ASN-5901,Determine,Kenya,19-Feb-10,19-Feb-10,MIssing,Test kit,Yes,10083.69,Direct Drop,"HIV 1/2, Determine Complete HIV Kit, 100 Tests",0.17,1,80.0,PMO - US,Inverness Japan,"HIV 1/2, Determine Complete HIV Kit",80.0,12-02-09,SCMS-58380,FPQ-4587,11/18/09,HRDT,102-KE-T30,16-Feb-10,Air,HIV test,100,0.8,"Orgenics, Ltd",EXW,1028
12286,DN-1244,Generic,Nigeria,16-Jun-09,16-Jun-09,150mg,Tablet,No,See DN-1244 (ID#:11048),From RDC,"Lamivudine 150mg, tablets, 60 Tabs",6.48,1140,3306.0,PMO - US,"Aurobindo Unit III, India",Lamivudine,2.9,N/A - From RDC,SO-21050,Pre-PQ Process,Pre-PQ Process,ARV,112-NG-T01,16-Jun-09,Air Charter,Adult,60,0.05,SCMS from RDC,N/A - From RDC,See DN-1244 (ID#:11048)
9243,ASN-114,Genie,CÃte dIvoire,10-Oct-06,10-Oct-06,MIssing,Test kit,Yes,7079.25,Direct Drop,"#108853** HIV, Genie II HIV-1/HIV-2 Kit, 40 Tests",MIssing,733,55231.55,PMO - US,Bio-Rad Laboratories,"HIV, Genie II HIV-1/HIV-2 Kit",75.35,Date Not Captured,SCMS-29,Pre-PQ Process,Pre-PQ Process,HRDT,104-CI-T01,10-Oct-06,Air,HIV test,40,1.88,BIO-RAD LABORATORIES (FRANCE),EXW,783
11001,DN-990,Aluvia,Uganda,09-Dec-08,09-Dec-08,200/50mg,Tablet,Yes,845.37,From RDC,"Lopinavir/Ritonavir 200/50mg [Aluvia], tablets, 120 Tabs",3.38,42,1726.2,PMO - US,ABBVIE Ludwigshafen Germany,Lopinavir/Ritonavir,41.1,N/A - From RDC,SO-17830,Pre-PQ Process,Pre-PQ Process,ARV,114-UG-T01,09-Dec-08,Air,Adult,120,0.34,SCMS from RDC,N/A - From RDC,123
3898,ASN-4836,Invirase,South Africa,28-Jul-09,28-Jul-09,200mg,Capsule,No,Freight Included in Commodity Cost,Direct Drop,"Saquinavir 200mg [Invirase], capsules, 270 Caps",4.5,30,2298.0,PMO - US,Roche Basel,Saquinavir,76.6,06-05-09,SCMS-47051,Pre-PQ Process,Pre-PQ Process,ARV,116-ZA-T01,12-Oct-09,Truck,Adult,270,0.28,S. BUYS WHOLESALER,DDP,Weight Captured Separately
10652,DN-488,Generic,Zimbabwe,14-Jan-08,14-Jan-08,600mg,Tablet,Yes,12130.9,From RDC,"Efavirenz 600mg, tablets, 30 Tabs",36.96,1860,23101.2,PMO - US,"Cipla, Goa, India",Efavirenz,12.42,N/A - From RDC,SO-710,Pre-PQ Process,Pre-PQ Process,ARV,100-ZW-T01,14-Jan-08,Air,Adult,30,0.41,SCMS from RDC,N/A - From RDC,4091
5794,ASN-2489,Aluvia,Vietnam,16-Nov-08,16-Nov-08,200/50mg,Tablet,Yes,2519.89,Direct Drop,"Lopinavir/Ritonavir 200/50mg [Aluvia], tablets, 120 Tabs",136.78,1040,85488.0,PMO - US,ABBVIE Ludwigshafen Germany,Lopinavir/Ritonavir,82.2,5/13/08,SCMS-23350,Pre-PQ Process,Pre-PQ Process,ARV,108-VN-T01,16-Nov-08,Air,Adult,120,0.68,ABBVIE LOGISTICS (FORMERLY ABBOTT LOGISTICS BV),FCA,251
11112,DN-84,OraQuick,Botswana,27-Apr-07,27-Apr-07,MIssing,Test kit,Yes,947.05,From RDC,"HIV 1/2, OraQuick Advance HIV Rapid Antibody Kit, 100 Tests",MIssing,30,12000.0,PMO - US,"Pacific Biotech, Thailand","HIV 1/2, OraQuick Advance HIV Rapid Antibody Kit",400.0,N/A - From RDC,SO-426,Pre-PQ Process,Pre-PQ Process,HRDT,100-BW-T01,27-Apr-07,MIssing,HIV test,100,4.0,SCMS from RDC,N/A - From RDC,72
11605,DN-898,Generic,Uganda,25-Sep-08,25-Sep-08,10mg/ml,Oral solution,Yes,7876.44,From RDC,"Zidovudine 10mg/ml, oral solution, Bottle, 240 ml",49.28,14668,30802.8,PMO - US,"Aurobindo Unit III, India",Zidovudine,2.1,N/A - From RDC,SO-10180,Pre-PQ Process,Pre-PQ Process,ARV,114-UG-T01,25-Sep-08,Air,Pediatric,240,0.01,SCMS from RDC,N/A - From RDC,5511
12577,DN-1221,Generic,Haiti,22-May-09,22-May-09,100mg,Capsule,No,See DN-1221 (ID#:11636),From RDC,"Zidovudine 100mg, capsules, 100 Caps",5.42,504,2766.96,PMO - US,"Aurobindo Unit III, India",Zidovudine,5.49,N/A - From RDC,SO-24840,Pre-PQ Process,Pre-PQ Process,ARV,106-HT-T01,22-May-09,Air,Pediatric,100,0.05,SCMS from RDC,N/A - From RDC,See DN-1221 (ID#:11636)
12214,DN-1046,Generic,CÃte dIvoire,10-Feb-09,10-Feb-09,150/30mg,Tablet - FDC,Yes,21821.95,From RDC,"Lamivudine/Stavudine 150/30mg, tablets, 60 Tabs",163.28,21360,83304.0,PMO - US,Mylan (formerly Matrix) Nashik,Lamivudine/Stavudine,3.9,N/A - From RDC,SO-16200,Pre-PQ Process,Pre-PQ Process,ARV,104-CI-T01,10-Feb-09,Air,Adult,60,0.06,SCMS from RDC,N/A - From RDC,1567
5053,ASN-3732,Stocrin/Sustiva,South Africa,21-Jan-09,21-Jan-09,200mg,Capsule,No,Freight Included in Commodity Cost,Direct Drop,"Efavirenz 200mg [Stocrin/Sustiva], capsule, 90 Caps",1.63,30,829.5,PMO - US,"MSD Midrand, Jburg, SA",Efavirenz,27.65,Date Not Captured,SCMS-41190,Pre-PQ Process,Pre-PQ Process,ARV,116-ZA-T01,30-Mar-09,Air,Pediatric,90,0.31,S. BUYS WHOLESALER,DDP,Weight Captured Separately
13766,ASN-29376,Generic,Vietnam,17-Dec-14,17-Dec-14,300mg,Tablet,Yes,Invoiced Separately,Direct Drop,"Tenofovir Disoproxil Fumarate 300mg, tablets, 30 Tabs",14.6,4000,14200.0,PMO - US,Hetero Unit III Hyderabad IN,Tenofovir Disoproxil Fumarate,3.55,08-11-14,SCMS-249050,FPQ-14516,07-09-14,ARV,108-VN-T30,17-Dec-14,Air,Adult,30,0.12,HETERO LABS LIMITED,EXW,Weight Captured Separately
3378,ASN-3047,Determine,Mozambique,17-Feb-09,17-Feb-09,MIssing,Test kit,Yes,3499.18,Direct Drop,"HIV 1/2, Determine Complete HIV Kit, 100 Tests",156.8,1000,80000.0,PMO - US,ABBVIE GmbH & Co.KG Wiesbaden,"HIV 1/2, Determine Complete HIV Kit",80.0,8/29/08,SCMS-29460,Pre-PQ Process,Pre-PQ Process,HRDT,111-MZ-T01,17-Feb-09,Air,HIV test,100,0.8,Abbott GmbH & Co. KG,FCA,337
10352,ASN-3752,Videx,South Africa,21-Nov-08,21-Nov-08,25mg,Chewable/dispersible tablet,No,Freight Included in Commodity Cost,Direct Drop,"Didanosine 25mg [Videx], chewable tablets, 60 Tabs",0.19,10,94.9,PMO - US,"BMS Meymac, France",Didanosine,9.49,Date Not Captured,SCMS-41140,Pre-PQ Process,Pre-PQ Process,ARV,116-ZA-T01,31-Mar-09,Air,Pediatric,60,0.16,S. BUYS WHOLESALER,DDP,Weight Captured Separately
5280,ASN-387,Generic,Vietnam,16-May-07,16-May-07,100mg,Chewable/dispersible tablet,Yes,14982.1,Direct Drop,"Didanosine 100mg, chewable/dispersible tablets, 60 Tabs",MIssing,1700,17850.0,PMO - US,"Aurobindo Unit III, India",Didanosine,10.5,11/14/06,SCMS-476,Pre-PQ Process,Pre-PQ Process,ARV,108-VN-T01,14-Mar-07,Air,Pediatric,60,0.18,Aurobindo Pharma Limited,EXW,356
10830,DN-168,Generic,Tanzania,06-Jul-07,06-Jul-07,300mg,Tablet,Yes,2440,From RDC,"Abacavir 300mg, tablets, 60 Tabs",MIssing,6781,242759.8,PMO - US,"Aurobindo Unit III, India",Abacavir,35.8,N/A - From RDC,SO-606,Pre-PQ Process,Pre-PQ Process,ARV,109-TZ-T01,06-Jul-07,Air,Adult,60,0.6,SCMS from RDC,N/A - From RDC,675
6544,ASN-4179,Videx,Vietnam,22-Jun-09,22-Jun-09,25mg,Chewable/dispersible tablet,Yes,Freight Included in Commodity Cost,Direct Drop,"Didanosine 25mg [Videx], chewable tablets, 60 Tabs",1.65,120,840.0,PMO - US,"BMS Meymac, France",Didanosine,7.0,5/25/09,SCMS-46490,Pre-PQ Process,Pre-PQ Process,ARV,108-VN-T01,22-Jun-09,Air,Pediatric,60,0.12,BRISTOL-MYERS SQUIBB,CIP,Weight Captured Separately
11401,DN-150,First Response,Rwanda,22-May-07,22-May-07,MIssing,Test kit,Yes,2805.51,From RDC,"HIV 1/2/O, First Response HIV 1-2.0, v.3.0 Cards Kit, 30 Tests",MIssing,2000,42000.0,PMO - US,Premier Med. Corp Ltd. India,"HIV 1/2/O, First Response HIV 1-2.0, v.3.0 Cards Kit",21.0,N/A - From RDC,SO-240,Pre-PQ Process,Pre-PQ Process,HRDT,107-RW-T01,22-May-07,Air,HIV test,30,0.7,SCMS from RDC,N/A - From RDC,Weight Captured Separately
6627,ASN-273,Generic,Vietnam,14-Mar-07,14-Mar-07,200mg,Tablet,No,See ASN-273 (ID#:1283),Direct Drop,"Nevirapine 200mg, tablets, 60 Tabs",MIssing,83000,282200.0,PMO - US,"Strides, Bangalore, India.",Nevirapine,3.4,11/15/06,SCMS-170,Pre-PQ Process,Pre-PQ Process,ARV,108-VN-T01,14-Mar-07,Air,Adult,60,0.06,STRIDES ARCOLAB LIMITED,EXW,See ASN-273 (ID#:1283)
10722,DN-897,Truvada,Nigeria,10-Sep-08,10-Sep-08,300/200mg,Tablet - FDC,Yes,10624.04,From RDC,"Emtricitabine/Tenofovir Disoproxil Fumarate 200/300mg [Truvada], tablets, 30 Tabs",252,6000,157500.0,PMO - US,"Aspen-OSD, Port Elizabeth, SA",Emtricitabine/Tenofovir Disoproxil Fumarate,26.25,N/A - From RDC,SO-10820,Pre-PQ Process,Pre-PQ Process,ARV,131-NG-T01,10-Sep-08,Air,Adult,30,0.88,SCMS from RDC,N/A - From RDC,1566
12372,DN-246,Generic,Tanzania,13-Aug-07,13-Aug-07,300mg,Tablet,No,See DN-246 (ID#:11138),From RDC,"Abacavir 300mg, tablets, 60 Tabs",273.57,4776,170980.8,PMO - US,"Aurobindo Unit III, India",Abacavir,35.8,N/A - From RDC,SO-441,Pre-PQ Process,Pre-PQ Process,ARV,109-TZ-T01,13-Aug-07,Air,Adult,60,0.6,SCMS from RDC,N/A - From RDC,See DN-246 (ID#:11138)
12806,DN-699,Generic,Mozambique,21-Apr-08,21-Apr-08,200mg,Tablet,Yes,1074.95,From RDC,"Nevirapine 200mg, tablets, 60 Tabs",16.32,3000,10200.0,PMO - US,Hetero Unit III Hyderabad IN,Nevirapine,3.4,N/A - From RDC,SO-2217,Pre-PQ Process,Pre-PQ Process,ARV,111-MZ-T01,21-Apr-08,Air,Adult,60,0.06,SCMS from RDC,N/A - From RDC,168
10585,DN-220,Stocrin/Sustiva,CÃte dIvoire,18-Jul-07,18-Jul-07,50mg,Capsule,Yes,1699,From RDC,"Efavirenz 50mg [Stocrin/Sustiva], capsule, 30 Caps",27.76,5000,17350.0,PMO - US,"MSD, Haarlem, NL",Efavirenz,3.47,N/A - From RDC,SO-590,Pre-PQ Process,Pre-PQ Process,ARV,104-CI-T01,18-Jul-07,MIssing,Pediatric,30,0.12,SCMS from RDC,N/A - From RDC,263
11995,DN-1327,Generic,Zambia,04-Sep-09,04-Sep-09,600mg,Tablet,Yes,4506.18,From RDC,"Efavirenz 600mg, tablets, 30 Tabs",1881.6,120000,960000.0,PMO - US,Mylan (formerly Matrix) Nashik,Efavirenz,8.0,N/A - From RDC,SO-29050,Pre-PQ Process,Date Not Captured,ARV,110-ZM-T01,04-Sep-09,Truck,Adult,30,0.27,SCMS from RDC,N/A - From RDC,9022
3851,ASN-4419,Generic,Vietnam,10-Jul-09,10-Jul-09,30mg,Capsule,Yes,9931.49,Direct Drop,"Stavudine 30mg, capsules, 60 Caps",45.36,15960,23142.0,PMO - US,"Aurobindo Unit III, India",Stavudine,1.45,4/29/09,SCMS-45070,Pre-PQ Process,Pre-PQ Process,ARV,108-VN-T01,10-Jul-09,Air,Adult,60,0.02,Aurobindo Pharma Limited,EXW,1815
11055,DN-1287,Generic,Uganda,22-Jun-09,22-Jun-09,150/300/200mg,Tablet - FDC,Yes,13293.41,From RDC,"Lamivudine/Nevirapine/Zidovudine 150/200/300mg, tablets, 60 Tabs",249.51,11216,127301.6,PMO - US,"Aurobindo Unit III, India",Lamivudine/Nevirapine/Zidovudine,11.35,N/A - From RDC,SO-31360,Pre-PQ Process,Pre-PQ Process,ARV,114-UG-T01,22-Jun-09,Air,Adult,60,0.19,SCMS from RDC,N/A - From RDC,1894
12898,DN-1332,Generic,Mozambique,27-Aug-09,27-Aug-09,150mg,Tablet,No,See DN-1332 (ID#:11663),From RDC,"Lamivudine 150mg, tablets, 60 Tabs",9.06,1894,4621.36,PMO - US,"Aurobindo Unit III, India",Lamivudine,2.44,N/A - From RDC,SO-26423,Pre-PQ Process,Date Not Captured,ARV,111-MZ-T01,27-Aug-09,Truck,Adult,60,0.04,SCMS from RDC,N/A - From RDC,See DN-1332 (ID#:11663)
3754,ASN-3739,Norvir,South Africa,23-Jan-09,23-Jan-09,100mg,Capsule,Yes,Freight Included in Commodity Cost,Direct Drop,"Ritonavir 100mg [Norvir], capsules, cool, 84 Caps",0.29,20,147.0,PMO - US,ABBVIE (Abbott) Logis. UK,Ritonavir,7.35,Date Not Captured,SCMS-41220,Pre-PQ Process,Pre-PQ Process,ARV,116-ZA-T01,30-Mar-09,Air,Adult,84,0.09,S. BUYS WHOLESALER,DDP,Weight Captured Separately
9918,ASN-2515,Generic,Vietnam,25-Sep-08,25-Sep-08,150/300mg,Tablet - FDC,No,See ASN-2515 (ID#:4635),Direct Drop,"Lamivudine/Zidovudine 150/300mg, tablets, 60 Tabs",24.8,1800,15498.0,PMO - US,"Aurobindo Unit III, India",Lamivudine/Zidovudine,8.61,07-01-08,SCMS-26171,Pre-PQ Process,Pre-PQ Process,ARV,108-VN-T01,25-Sep-08,Air,Adult,60,0.14,Aurobindo Pharma Limited,EXW,See ASN-2515 (ID#:4635)
12526,DN-999,Generic,Zambia,14-Nov-08,14-Nov-08,10mg/ml,Oral solution,Yes,5110.76,From RDC,"Zidovudine 10mg/ml, oral solution, Bottle, 240 ml",7.41,1800,3780.0,PMO - US,"Aurobindo Unit III, India",Zidovudine,2.1,N/A - From RDC,SO-15290,Pre-PQ Process,Pre-PQ Process,ARV,110-ZM-T01,14-Nov-08,Air,Pediatric,240,0.01,SCMS from RDC,N/A - From RDC,671
3615,ASN-3631,Generic,Vietnam,11-Apr-09,11-Apr-09,300mg,Tablet,Yes,2525.73,Direct Drop,"Zidovudine 300mg, tablets, 60 Tabs",4.94,336,2520.0,PMO - US,Mylan (formerly Matrix) Nashik,Zidovudine,7.5,1/16/09,SCMS-37210,Pre-PQ Process,Pre-PQ Process,ARV,108-VN-T01,11-Apr-09,Air,Adult,60,0.12,MYLAN LABORATORIES LTD (FORMERLY MATRIX LABORATORIES),EXW,18
4615,ASN-2325,Determine,Botswana,02-Oct-08,02-Oct-08,MIssing,Test kit,Yes,559.95,Direct Drop,"HIV 1/2, Determine HIV Kit, without Lancets, 100 Tests",0.9,8,560.0,PMO - US,Inverness Japan,"HIV 1/2, Determine HIV Kit, without Lancets",70.0,7/28/08,SCMS-27760,Pre-PQ Process,Pre-PQ Process,HRDT,102-BW-T01,09-Oct-08,Air,HIV test,100,0.7,"Orgenics, Ltd",EXW,5406
530,ASN-2336,Generic,Vietnam,19-Sep-08,19-Sep-08,300mg,Tablet,Yes,13507.92,Direct Drop,"Tenofovir Disoproxil Fumarate 300mg, tablets, 30 Tabs",29.37,1344,18359.04,PMO - US,Mylan (formerly Matrix) Nashik,Tenofovir Disoproxil Fumarate,13.66,5/14/08,SCMS-23450,Pre-PQ Process,Pre-PQ Process,ARV,108-VN-T01,19-Sep-08,Air,Adult,30,0.46,MYLAN LABORATORIES LTD (FORMERLY MATRIX LABORATORIES),EXW,1537
2996,ASN-1520,Norvir,South Africa,04-Jan-08,04-Jan-08,100mg,Capsule,No,Freight Included in Commodity Cost,Direct Drop,"Ritonavir 100mg [Norvir], capsules, cool, 84 Caps",0.05,3,32.31,PMO - US,ABBVIE (Abbott) Logis. UK,Ritonavir,10.77,01-04-08,SCMS-16600,Pre-PQ Process,Pre-PQ Process,ARV,116-ZA-T01,21-Jan-08,MIssing,Adult,84,0.13,"JSI R&T INSTITUTE, INC.",DDP,Weight Captured Separately
11971,DN-1238,Generic,Swaziland,21-May-09,21-May-09,200mg,Capsule,No,See DN-1238 (ID#:11046),From RDC,"Efavirenz 200mg, capsule, 90 Caps",35.36,1417,18038.41,PMO - US,"Aurobindo Unit III, India",Efavirenz,12.73,N/A - From RDC,SO-30790,Pre-PQ Process,Pre-PQ Process,ARV,100-SZ-T01,21-May-09,Air,Pediatric,90,0.14,SCMS from RDC,N/A - From RDC,See DN-1238 (ID#:11046)
12561,DN-981,Generic,Zambia,07-Nov-08,07-Nov-08,100mg,Chewable/dispersible tablet,Yes,2938.92,From RDC,"Didanosine 100mg, chewable/dispersible tablets, 60 Tabs",63.8,4200,32550.0,PMO - US,"Aurobindo Unit III, India",Didanosine,7.75,N/A - From RDC,SO-2478,Pre-PQ Process,Pre-PQ Process,ARV,110-ZM-T01,07-Nov-08,Truck,Pediatric,60,0.13,SCMS from RDC,N/A - From RDC,867
7695,ASN-3628,Generic,Haiti,02-Apr-09,02-Apr-09,200mg,Chewable/dispersible tablet,No,See ASN-3628 (ID#:2399),Direct Drop,"Didanosine 200mg, chewable/dispersible tablets, 60 Tabs",1.22,40,620.0,PMO - US,"Aurobindo Unit III, India",Didanosine,15.5,03-06-09,SCMS-39970,Pre-PQ Process,Pre-PQ Process,ARV,106-HT-T01,02-Apr-09,Air,Pediatric,60,0.26,Aurobindo Pharma Limited,EXW,See ASN-3628 (ID#:2399)
12664,DN-246,Generic,Tanzania,13-Aug-07,13-Aug-07,600mg,Tablet,No,See DN-246 (ID#:11138),From RDC,"Efavirenz 600mg, tablets, 30 Tabs",81.92,3149,51202.74,PMO - US,"Aurobindo Unit III, India",Efavirenz,16.26,N/A - From RDC,SO-441,Pre-PQ Process,Pre-PQ Process,ARV,109-TZ-T01,13-Aug-07,Air,Adult,30,0.54,SCMS from RDC,N/A - From RDC,See DN-246 (ID#:11138)
5446,ASN-914,First Response,Rwanda,19-Nov-07,19-Nov-07,MIssing,Test kit,Yes,3616.95,Direct Drop,"HIV 1/2/O, First Response HIV 1-2.0, v.3.0 Cards Kit, 30 Tests",36.96,1400,23100.0,PMO - US,Premier Med. Corp Ltd. India,"HIV 1/2/O, First Response HIV 1-2.0, v.3.0 Cards Kit",16.5,10/18/07,SCMS-13020,Pre-PQ Process,Pre-PQ Process,HRDT,107-RW-T01,19-Nov-07,Air,HIV test,30,0.55,Premier Medical Corporation Ltd.,EXW,405
12464,DN-445,Generic,Haiti,22-Jan-08,22-Jan-08,20mg,Capsule,No,See DN-445 (ID#:10640),From RDC,"Stavudine 20mg, capsules, 60 Caps",0.28,100,175.0,PMO - US,"Aurobindo Unit III, India",Stavudine,1.75,N/A - From RDC,SO-1288,Pre-PQ Process,Pre-PQ Process,ARV,106-HT-T01,22-Jan-08,Air,Adult,60,0.03,SCMS from RDC,N/A - From RDC,See DN-445 (ID#:10640)
5279,ASN-270,Generic,Vietnam,14-Mar-07,14-Mar-07,150mg,Tablet,Yes,27923.26,Direct Drop,"Lamivudine 150mg, tablets, 60 Tabs",MIssing,98400,329640.0,PMO - US,"Ranbaxy, Paonta Shahib, India",Lamivudine,3.35,11/14/06,SCMS-167,Pre-PQ Process,Pre-PQ Process,ARV,108-VN-T01,14-Mar-07,Air,Adult,60,0.06,SUN PHARMACEUTICAL INDUSTRIES LTD (RANBAXY LABORATORIES LIMITED),EXW,4300
11833,DN-489,Aluvia,Uganda,15-Jan-08,15-Jan-08,200/50mg,Tablet,No,See DN-489 (ID#:11516),From RDC,"Lopinavir/Ritonavir 200/50mg [Aluvia], tablets, 120 Tabs",11.84,180,7398.0,PMO - US,ABBVIE Ludwigshafen Germany,Lopinavir/Ritonavir,41.1,N/A - From RDC,SO-1302,Pre-PQ Process,Pre-PQ Process,ARV,114-UG-T01,15-Jan-08,Air,Adult,120,0.34,SCMS from RDC,N/A - From RDC,See DN-489 (ID#:11516)
5815,ASN-2257,Capillus,Haiti,22-Aug-08,22-Aug-08,MIssing,Test kit,Yes,1372.85,Direct Drop,"HIV 1/2, Capillus HIV Kit, 100 Tests",26.91,121,16819.0,PMO - US,"Trinity Biotech, Plc","HIV 1/2, Capillus HIV Kit",139.0,5/20/08,SCMS-23800,Pre-PQ Process,Pre-PQ Process,HRDT,106-HT-T01,22-Aug-08,Air,HIV test,100,1.39,"Trinity Biotech, Plc",EXW,100
3096,ASN-1887,Generic,Vietnam,17-Jun-08,17-Jun-08,30mg,Capsule,Yes,2789.74,Direct Drop,"Stavudine 30mg, capsules, 60 Caps",6.22,2576,3889.76,PMO - US,"Strides, Bangalore, India.",Stavudine,1.51,3/31/08,SCMS-20430,Pre-PQ Process,Pre-PQ Process,ARV,108-VN-T01,17-Jun-08,Air,Adult,60,0.03,STRIDES ARCOLAB LIMITED,EXW,121
12586,DN-1251,Generic,Namibia,15-Jun-09,15-Jun-09,300/300mg,Tablet - FDC,Yes,2317.2,From RDC,"Lamivudine/Tenofovir Disoproxil Fumarate 300/300mg, tablets, 30 Tabs",98,5000,50000.0,PMO - US,Mylan (formerly Matrix) Nashik,Lamivudine/Tenofovir Disoproxil Fumarate,10.0,N/A - From RDC,SO-30460,Pre-PQ Process,Pre-PQ Process,ARV,119-NA-T01,15-Jun-09,Air,Adult,30,0.33,SCMS from RDC,N/A - From RDC,419
11682,DN-1422,Generic,CÃte dIvoire,16-Sep-09,16-Sep-09,10mg/ml,Oral solution,Yes,11005.67,From RDC,"Zidovudine 10mg/ml, oral solution, Bottle, 240 ml",22.75,5527,11606.7,PMO - US,"Aurobindo Unit III, India",Zidovudine,2.1,N/A - From RDC,SO-33220,Pre-PQ Process,Date Not Captured,ARV,104-CI-T01,16-Sep-09,Air,Pediatric,240,0.01,SCMS from RDC,N/A - From RDC,5317
11474,DN-401,Generic,Zimbabwe,25-Nov-07,25-Nov-07,600mg,Tablet,Yes,5145.86,From RDC,"Efavirenz 600mg, tablets, 30 Tabs",36.96,1860,23101.2,PMO - US,"Cipla, Goa, India",Efavirenz,12.42,N/A - From RDC,SO-706,Pre-PQ Process,Pre-PQ Process,ARV,100-ZW-T01,25-Nov-07,Air,Adult,30,0.41,SCMS from RDC,N/A - From RDC,4256
12609,DN-1403,Generic,Zambia,22-Sep-09,22-Sep-09,600mg,Tablet,Yes,6759.28,From RDC,"Efavirenz 600mg, tablets, 30 Tabs",1897.28,88000,968000.0,PMO - US,"Aurobindo Unit III, India",Efavirenz,11.0,N/A - From RDC,SO-17660,Pre-PQ Process,Date Not Captured,ARV,110-ZM-T01,22-Sep-09,Truck,Adult,30,0.37,SCMS from RDC,N/A - From RDC,7579
11646,DN-1253,Generic,Uganda,23-Jun-09,23-Jun-09,150/300/200mg,Tablet - FDC,Yes,7493.5,From RDC,"Lamivudine/Nevirapine/Zidovudine 150/200/300mg, tablets, 60 Tabs",230.71,10371,117710.85,PMO - US,Mylan (formerly Matrix) Nashik,Lamivudine/Nevirapine/Zidovudine,11.35,N/A - From RDC,SO-30111,Pre-PQ Process,Pre-PQ Process,ARV,114-UG-T01,23-Jun-09,Air,Adult,60,0.19,SCMS from RDC,N/A - From RDC,1273
11281,DN-1111,Generic,Zambia,02-Mar-09,02-Mar-09,300mg,Tablet,Yes,3238,From RDC,"Zidovudine 300mg, tablets, 60 Tabs",154.84,10000,79000.0,PMO - US,"Aurobindo Unit III, India",Zidovudine,7.9,N/A - From RDC,SO-17621,Pre-PQ Process,Pre-PQ Process,ARV,110-ZM-T01,02-Mar-09,Air,Adult,60,0.13,SCMS from RDC,N/A - From RDC,581
12342,DN-44,Generic,Mozambique,17-Apr-07,17-Apr-07,10mg/ml,Oral solution,No,See DN-44 (ID#:10549),From RDC,"Lamivudine 10mg/ml, oral solution, Bottle, 240 ml",MIssing,540,1317.6,PMO - US,"Cipla, Goa, India",Lamivudine,2.44,N/A - From RDC,SO-293,Pre-PQ Process,Pre-PQ Process,ARV,111-MZ-T01,17-Apr-07,Air,Pediatric,240,0.01,SCMS from RDC,N/A - From RDC,See DN-44 (ID#:10549)
10816,DN-123,Stocrin/Sustiva,Mozambique,18-May-07,18-May-07,200mg,Capsule,Yes,348.09,From RDC,"Efavirenz 200mg [Stocrin/Sustiva], capsule, 90 Caps",MIssing,409,13251.6,PMO - US,"MSD Manati, Puerto Rico, (USA)",Efavirenz,32.4,N/A - From RDC,SO-533,Pre-PQ Process,Pre-PQ Process,ARV,111-MZ-T01,18-May-07,Air,Pediatric,90,0.36,SCMS from RDC,N/A - From RDC,45
11966,DN-1193,Generic,Kenya,23-Apr-09,23-Apr-09,200mg,Capsule,No,See DN-1193 (ID#:11312),From RDC,"Efavirenz 200mg, capsule, 90 Caps",0,170,1.7,PMO - US,"Aurobindo Unit III, India",Efavirenz,0.01,N/A - From RDC,SO-29010,Pre-PQ Process,Pre-PQ Process,ARV,127-KE-T01,23-Apr-09,Truck,Pediatric,90,0.0,SCMS from RDC,N/A - From RDC,See DN-1193 (ID#:11312)
11826,DN-505,Generic,Nigeria,17-Dec-07,17-Dec-07,200mg,Capsule,Yes,1260.1,From RDC,"Efavirenz 200mg, capsule, 90 Caps",10.24,400,6400.0,PMO - US,"Aurobindo Unit III, India",Efavirenz,16.0,N/A - From RDC,SO-1494,Pre-PQ Process,Pre-PQ Process,ARV,112-NG-T01,17-Dec-07,Air,Pediatric,90,0.18,SCMS from RDC,N/A - From RDC,48
11827,DN-535,Generic,Nigeria,09-Jan-08,09-Jan-08,200mg,Tablet,No,See DN-535 (ID#:10658),From RDC,"Nevirapine 200mg, tablets, 60 Tabs",0.68,125,425.0,PMO - US,"Aurobindo Unit III, India",Nevirapine,3.4,N/A - From RDC,SO-1570,Pre-PQ Process,Pre-PQ Process,ARV,112-NG-T01,09-Jan-08,Air,Adult,60,0.06,SCMS from RDC,N/A - From RDC,See DN-535 (ID#:10658)
6849,ASN-1596,Generic,Rwanda,28-Apr-08,28-Apr-08,150/200/30mg,Tablet - FDC,Yes,10500,Direct Drop,"Lamivudine/Nevirapine/Stavudine 150/200/30mg, tablets, 60 Tabs",186.37,16640,116480.0,PMO - US,"Cipla, Goa, India",Lamivudine/Nevirapine/Stavudine,7.0,11/21/07,SCMS-14221,Pre-PQ Process,Pre-PQ Process,ARV,107-RW-T01,28-Apr-08,Air,Adult,60,0.12,CIPLA LIMITED,CIP,1766
8646,ASN-2503,Stocrin/Sustiva,South Africa,14-Aug-08,14-Aug-08,50mg,Capsule,No,Freight Included in Commodity Cost,Direct Drop,"Efavirenz 50mg [Stocrin/Sustiva], capsule, 30 Caps",0.92,200,572.0,PMO - US,"MSD Midrand, Jburg, SA",Efavirenz,2.86,Date Not Captured,SCMS-28830,Pre-PQ Process,Pre-PQ Process,ARV,116-ZA-T01,25-Aug-08,Truck,Pediatric,30,0.1,S. BUYS WHOLESALER,DDP,Weight Captured Separately
11857,DN-685,Generic,Haiti,31-Mar-08,31-Mar-08,10mg/ml,Oral solution,No,See DN-685 (ID#:11234),From RDC,"Zidovudine 10mg/ml, oral solution, Bottle, 240 ml",11.23,3264,7017.6,PMO - US,"Aurobindo Unit III, India",Zidovudine,2.15,N/A - From RDC,SO-2046,Pre-PQ Process,Pre-PQ Process,ARV,106-HT-T01,31-Mar-08,Air,Pediatric,240,0.01,SCMS from RDC,N/A - From RDC,See DN-685 (ID#:11234)
7056,ASN-1666,Kaletra,South Africa,08-Apr-08,08-Apr-08,133.3/33.3mg,Capsule,Yes,Freight Included in Commodity Cost,Direct Drop,"Lopinavir/Ritonavir 133.3/33.3mg [Kaletra], capsules, cool, 2 x 90 Caps",22.96,400,14352.0,PMO - US,ABBVIE (Abbott) Logis. UK,Lopinavir/Ritonavir,35.88,04-04-08,SCMS-21460,Pre-PQ Process,Pre-PQ Process,ARV,116-ZA-T01,25-Apr-08,MIssing,Adult,180,0.2,S. BUYS WHOLESALER,DDP,Weight Captured Separately
12043,DN-85,Generic,CÃte dIvoire,30-Apr-07,30-Apr-07,150/200/30mg,Tablet - FDC,Yes,3162,From RDC,"Lamivudine/Nevirapine/Stavudine 150/200/30mg, tablets, 60 Tabs",MIssing,9000,67500.0,PMO - US,"Cipla, Goa, India",Lamivudine/Nevirapine/Stavudine,7.5,N/A - From RDC,SO-437,Pre-PQ Process,Pre-PQ Process,ARV,100-CI-T01,30-Apr-07,MIssing,Adult,60,0.12,SCMS from RDC,N/A - From RDC,972
11714,DN-71,Generic,CÃte dIvoire,30-Apr-07,30-Apr-07,300mg,Tablet,No,See DN-71 (ID#:11374),From RDC,"Abacavir 300mg, tablets, 60 Tabs",MIssing,68,2995.4,PMO - US,"Aurobindo Unit III, India",Abacavir,44.05,N/A - From RDC,SO-286,Pre-PQ Process,Pre-PQ Process,ARV,100-CI-T01,30-Apr-07,MIssing,Adult,60,0.73,SCMS from RDC,N/A - From RDC,See DN-71 (ID#:11374)
12322,DN-1439,Generic,Nigeria,20-Oct-09,20-Oct-09,150/300/200mg,Tablet - FDC,Yes,9341.49,From RDC,"Lamivudine/Nevirapine/Zidovudine 150/200/300mg, tablets, 60 Tabs",39.24,1756,20018.4,PMO - US,"Aurobindo Unit III, India",Lamivudine/Nevirapine/Zidovudine,11.4,N/A - From RDC,SO-33337,Pre-PQ Process,Date Not Captured,ARV,151-NG-T01,20-Oct-09,Air Charter,Adult,60,0.19,SCMS from RDC,N/A - From RDC,198
10985,DN-1025,Generic,Mozambique,20-Jan-09,20-Jan-09,150/300mg,Tablet - FDC,Yes,772.04,From RDC,"Lamivudine/Zidovudine 150/300mg, tablets, 60 Tabs",13.19,720,6732.0,PMO - US,"Aurobindo Unit III, India",Lamivudine/Zidovudine,9.35,N/A - From RDC,SO-15085,Pre-PQ Process,Pre-PQ Process,ARV,111-MZ-T01,20-Jan-09,Air,Adult,60,0.16,SCMS from RDC,N/A - From RDC,66
3749,ASN-3752,Viramune,South Africa,21-Nov-08,21-Nov-08,10mg/ml,Oral suspension,No,Freight Included in Commodity Cost,Direct Drop,"Nevirapine 10mg/ml [Viramune], oral suspension, Bottle, 240 ml",0.61,30,312.6,PMO - US,"BI, Ingelheim, Germany",Nevirapine,10.42,Date Not Captured,SCMS-41140,Pre-PQ Process,Pre-PQ Process,ARV,116-ZA-T01,31-Mar-09,Air,Pediatric,240,0.04,S. BUYS WHOLESALER,DDP,Weight Captured Separately
10628,DN-376,Determine,CÃte dIvoire,02-Oct-07,02-Oct-07,MIssing,Test kit,Yes,2172,From RDC,"HIV 1/2, Determine Complete HIV Kit, 100 Tests",132.48,1150,82800.0,PMO - US,Inverness Japan,"HIV 1/2, Determine Complete HIV Kit",72.0,N/A - From RDC,SO-845,Pre-PQ Process,Pre-PQ Process,HRDT,104-CI-T01,02-Oct-07,Air,HIV test,100,0.72,SCMS from RDC,N/A - From RDC,476
12089,DN-304,Generic,Mozambique,21-Sep-07,21-Sep-07,300mg,Tablet,No,See DN-304 (ID#:10589),From RDC,"Abacavir 300mg, tablets, 60 Tabs",54.53,960,34080.0,PMO - US,"Aurobindo Unit III, India",Abacavir,35.5,N/A - From RDC,SO-298,Pre-PQ Process,Pre-PQ Process,ARV,111-MZ-T01,21-Sep-07,Air,Adult,60,0.59,SCMS from RDC,N/A - From RDC,See DN-304 (ID#:10589)
10852,DN-213,Generic,Nigeria,06-Jul-07,06-Jul-07,20mg,Capsule,Yes,460,From RDC,"Stavudine 20mg, capsules, 60 Caps",0.71,253,442.75,PMO - US,"Aurobindo Unit III, India",Stavudine,1.75,N/A - From RDC,SO-642,Pre-PQ Process,Pre-PQ Process,ARV,112-NG-T01,06-Jul-07,Air,Adult,60,0.03,SCMS from RDC,N/A - From RDC,15
1309,ASN-201,Determine,Ethiopia,15-Jan-07,15-Jan-07,MIssing,Test kit,Yes,24859.45,Direct Drop,"HIV 1/2, Determine Complete HIV Kit, 100 Tests",MIssing,4650,372000.0,PMO - US,ABBVIE GmbH & Co.KG Wiesbaden,"HIV 1/2, Determine Complete HIV Kit",80.0,12/14/06,SCMS-360,Pre-PQ Process,Pre-PQ Process,HRDT,117-ET-T01,15-Jan-07,Air,HIV test,100,0.8,Abbott GmbH & Co. KG,EXW,1707
13161,ASN-7440,Generic,South Africa,24-Aug-10,24-Aug-10,600mg,Tablet,Yes,5886.9,Direct Drop,"Efavirenz 600mg, tablets, 30 Tabs",572.67,56877,265615.59,PMO - US,"Aurobindo Unit III, India",Efavirenz,4.67,3/19/10,SCMS-68910,FPQ-5303,3/18/10,ARV,161-ZA-T30,24-Aug-10,Air,Adult,30,0.16,Aurobindo Pharma Limited,DDP,4815
12093,DN-304,Aluvia,Mozambique,21-Sep-07,21-Sep-07,200/50mg,Tablet,No,See DN-304 (ID#:10589),From RDC,"Lopinavir/Ritonavir 200/50mg [Aluvia], tablets, 120 Tabs",177.42,2698,110887.8,PMO - US,ABBVIE Ludwigshafen Germany,Lopinavir/Ritonavir,41.1,N/A - From RDC,SO-298,Pre-PQ Process,Pre-PQ Process,ARV,111-MZ-T01,21-Sep-07,Air,Adult,120,0.34,SCMS from RDC,N/A - From RDC,See DN-304 (ID#:10589)
10855,DN-288,Generic,CÃte dIvoire,13-Aug-07,13-Aug-07,300mg,Tablet,Yes,3473,From RDC,"Zidovudine 300mg, tablets, 60 Tabs",249.33,18290,155830.8,PMO - US,"Aurobindo Unit III, India",Zidovudine,8.52,N/A - From RDC,SO-616,Pre-PQ Process,Pre-PQ Process,ARV,104-CI-T01,13-Aug-07,MIssing,Adult,60,0.14,SCMS from RDC,N/A - From RDC,1114
10795,DN-1458,Generic,Haiti,13-Oct-09,13-Oct-09,10mg/ml,Oral solution,Yes,25874.1,From RDC,"Zidovudine 10mg/ml, oral solution, Bottle, 240 ml",17.76,4315,9061.5,PMO - US,"Aurobindo Unit III, India",Zidovudine,2.1,N/A - From RDC,SO-33030,Pre-PQ Process,Date Not Captured,ARV,106-HT-T01,13-Oct-09,Air,Pediatric,240,0.01,SCMS from RDC,N/A - From RDC,2520
12782,DN-748,Generic,Tanzania,30-Jun-08,30-Jun-08,200mg,Tablet,No,See DN-748 (ID#:12484),From RDC,"Nevirapine 200mg, tablets, 60 Tabs",477.46,87768,298411.2,PMO - US,"Ranbaxy, Paonta Shahib, India",Nevirapine,3.4,N/A - From RDC,SO-2556,Pre-PQ Process,Pre-PQ Process,ARV,109-TZ-T01,30-Jun-08,Truck,Adult,60,0.06,SCMS from RDC,N/A - From RDC,See DN-748 (ID#:12484)
12762,DN-488,Generic,Zimbabwe,14-Jan-08,14-Jan-08,150/30mg,Tablet - FDC,No,See DN-488 (ID#:10652),From RDC,"Lamivudine/Stavudine 150/30mg, tablets, 30 Tabs",5.12,1600,3200.0,PMO - US,"Cipla, Goa, India",Lamivudine/Stavudine,2.0,N/A - From RDC,SO-710,Pre-PQ Process,Pre-PQ Process,ARV,100-ZW-T01,14-Jan-08,Air,Adult,30,0.07,SCMS from RDC,N/A - From RDC,See DN-488 (ID#:10652)
10562,DN-182,Generic,Zambia,14-Jun-07,14-Jun-07,300mg,Tablet,Yes,13094.69,From RDC,"Abacavir 300mg, tablets, 60 Tabs",MIssing,8905,318799.0,PMO - US,"Aurobindo Unit III, India",Abacavir,35.8,N/A - From RDC,SO-498,Pre-PQ Process,Pre-PQ Process,ARV,110-ZM-T01,14-Jun-07,MIssing,Adult,60,0.6,SCMS from RDC,N/A - From RDC,3139
11198,DN-435,Generic,Uganda,10-Dec-07,10-Dec-07,150/300/200mg,Tablet - FDC,No,See DN-435 (ID#:10908),From RDC,"Lamivudine/Nevirapine/Zidovudine 150/200/300mg, tablets, 60 Tabs",128.9,3930,80565.0,PMO - US,"Aurobindo Unit III, India",Lamivudine/Nevirapine/Zidovudine,20.5,N/A - From RDC,SO-1300,Pre-PQ Process,Pre-PQ Process,ARV,114-UG-T01,10-Dec-07,Air,Adult,60,0.34,SCMS from RDC,N/A - From RDC,See DN-435 (ID#:10908)
12091,DN-304,Invirase,Mozambique,21-Sep-07,21-Sep-07,200mg,Capsule,No,See DN-304 (ID#:10589),From RDC,"Saquinavir 200mg [Invirase], capsules, 270 Caps",63.6,521,39747.09,PMO - US,Roche Basel,Saquinavir,76.29,N/A - From RDC,SO-298,Pre-PQ Process,Pre-PQ Process,ARV,111-MZ-T01,21-Sep-07,Air,Adult,270,0.28,SCMS from RDC,N/A - From RDC,See DN-304 (ID#:10589)
12431,DN-603,Generic,Mozambique,08-Apr-08,08-Apr-08,150/300mg,Tablet - FDC,No,See DN-603 (ID#:11197),From RDC,"Lamivudine/Zidovudine 150/300mg, tablets, 60 Tabs",108.35,7128,67716.0,PMO - US,"Cipla, Goa, India",Lamivudine/Zidovudine,9.5,N/A - From RDC,SO-1039,Pre-PQ Process,Pre-PQ Process,ARV,111-MZ-T01,08-Apr-08,Air,Adult,60,0.16,SCMS from RDC,N/A - From RDC,See DN-603 (ID#:11197)
2153,ASN-2888,Generic,Vietnam,27-Nov-08,27-Nov-08,200mg,Tablet,Yes,2653.27,Direct Drop,"Nevirapine 200mg, tablets, 60 Tabs",34.1,6000,17400.0,PMO - US,"Aurobindo Unit III, India",Nevirapine,2.9,11-03-08,SCMS-33070,Pre-PQ Process,Pre-PQ Process,ARV,108-VN-T01,27-Nov-08,Air,Adult,60,0.05,Aurobindo Pharma Limited,EXW,581
12903,DN-1373,Generic,Haiti,31-Jul-09,31-Jul-09,100mg,Capsule,No,See DN-1373 (ID#:11062),From RDC,"Zidovudine 100mg, capsules, 100 Caps",12.35,1260,6300.0,PMO - US,"Aurobindo Unit III, India",Zidovudine,5.0,N/A - From RDC,SO-32760,Pre-PQ Process,Date Not Captured,ARV,106-HT-T01,31-Jul-09,Air,Pediatric,100,0.05,SCMS from RDC,N/A - From RDC,See DN-1373 (ID#:11062)
11217,DN-529,Generic,Ethiopia,20-Dec-07,20-Dec-07,150/300mg,Tablet - FDC,Yes,6346.22,From RDC,"Lamivudine/Zidovudine 150/300mg, tablets, 60 Tabs",147.32,9692,92074.0,PMO - US,"Aurobindo Unit III, India",Lamivudine/Zidovudine,9.5,N/A - From RDC,SO-1542,Pre-PQ Process,Pre-PQ Process,ARV,117-ET-T01,20-Dec-07,Air,Adult,60,0.16,SCMS from RDC,N/A - From RDC,1215
6395,ASN-3634,Zerit,South Africa,02-Dec-08,02-Dec-08,1mg/ml,Powder for oral solution,No,Freight Included in Commodity Cost,Direct Drop,"Stavudine 1mg/ml [Zerit], powder for oral solution, Bottle, 200 ml",2.95,1320,1504.8,PMO - US,"BMS Meymac, France",Stavudine,1.14,Date Not Captured,SCMS-40810,Pre-PQ Process,Pre-PQ Process,ARV,116-ZA-T01,31-Mar-09,Air,Pediatric,200,0.01,S. BUYS WHOLESALER,DDP,Weight Captured Separately
11798,DN-384,Generic,Zambia,29-Oct-07,29-Oct-07,300mg,Tablet,No,See DN-384 (ID#:10901),From RDC,"Abacavir 300mg, tablets, 60 Tabs",109.64,2489,68522.17,PMO - US,"Cipla, Patalganga, India",Abacavir,27.53,N/A - From RDC,SO-976,Pre-PQ Process,Pre-PQ Process,ARV,110-ZM-T01,29-Oct-07,MIssing,Adult,60,0.46,SCMS from RDC,N/A - From RDC,See DN-384 (ID#:10901)
12625,DN-1,Stat-Pak,Nigeria,13-Jul-06,13-Jul-06,MIssing,Test kit,Yes,Freight Included in Commodity Cost,From RDC,"HIV 1/2, Stat-Pak HIV, Kit, 20 Tests",MIssing,50000,67500.0,PMO - US,Chembio Diagnostics Sys. Inc.,"HIV 1/2, Stat-Pak HIV, Kit",1.35,N/A - From RDC,SO-131,Pre-PQ Process,Pre-PQ Process,HRDT,102-NG-T01,20-Sep-06,MIssing,HIV test,20,0.07,SCMS from RDC,N/A - From RDC,712
12493,DN-714,Generic,Uganda,19-May-08,19-May-08,150/300mg,Tablet - FDC,Yes,935.8,From RDC,"Lamivudine/Zidovudine 150/300mg, tablets, 60 Tabs",12.1,800,7560.0,PMO - US,"Aurobindo Unit III, India",Lamivudine/Zidovudine,9.45,N/A - From RDC,SO-2341,Pre-PQ Process,Pre-PQ Process,ARV,114-UG-T01,19-May-08,Air,Adult,60,0.16,SCMS from RDC,N/A - From RDC,75
12759,DN-520,Generic,Ethiopia,20-Dec-07,20-Dec-07,150/300mg,Tablet - FDC,Yes,6483,From RDC,"Lamivudine/Zidovudine 150/300mg, tablets, 60 Tabs",147.3,9691,92064.5,PMO - US,"Aurobindo Unit III, India",Lamivudine/Zidovudine,9.5,N/A - From RDC,SO-1523,Pre-PQ Process,Pre-PQ Process,ARV,117-ET-T01,20-Dec-07,Air,Adult,60,0.16,SCMS from RDC,N/A - From RDC,899
262,ASN-1251,Retrovir,South Africa,29-Jan-08,29-Jan-08,10mg/ml,Oral solution,Yes,Freight Included in Commodity Cost,Direct Drop,"Zidovudine 10mg/ml [Retrovir], oral solution, Bottle, 200 ml",0.51,40,317.6,PMO - US,GSK Mississauga (Canada),Zidovudine,7.94,11-12-07,SCMS-14050,Pre-PQ Process,Pre-PQ Process,ARV,116-ZA-T01,29-Jan-08,MIssing,Pediatric,200,0.04,"JSI R&T INSTITUTE, INC.",DDP,Weight Captured Separately
11811,DN-434,Generic,CÃte dIvoire,22-Nov-07,22-Nov-07,300mg,Tablet,No,See DN-434 (ID#:11483),From RDC,"Zidovudine 300mg, tablets, 60 Tabs",188.95,14490,118093.5,PMO - US,"Aurobindo Unit III, India",Zidovudine,8.15,N/A - From RDC,SO-1101,Pre-PQ Process,Pre-PQ Process,ARV,104-CI-T01,22-Nov-07,Air,Adult,60,0.14,SCMS from RDC,N/A - From RDC,See DN-434 (ID#:11483)
10989,DN-871,Generic,Nigeria,25-Aug-08,25-Aug-08,200mg,Tablet,Yes,14931.8,From RDC,"Nevirapine 200mg, tablets, 60 Tabs",192.58,35400,120360.0,PMO - US,Hetero Unit III Hyderabad IN,Nevirapine,3.4,N/A - From RDC,SO-10780,Pre-PQ Process,Pre-PQ Process,ARV,126-NG-T01,25-Aug-08,Air,Adult,60,0.06,SCMS from RDC,N/A - From RDC,1987
12819,DN-845,Generic,Tanzania,22-Aug-08,22-Aug-08,150mg,Tablet,Yes,1700.32,From RDC,"Lamivudine 150mg, tablets, 60 Tabs",151.52,32544,94703.04,PMO - US,"Aurobindo Unit III, India",Lamivudine,2.91,N/A - From RDC,SO-2561,Pre-PQ Process,Pre-PQ Process,ARV,109-TZ-T01,22-Aug-08,Truck,Adult,60,0.05,SCMS from RDC,N/A - From RDC,1608
9056,ASN-4602,Videx,South Africa,16-Apr-09,16-Apr-09,100mg,Chewable/dispersible tablet,No,Freight Included in Commodity Cost,Direct Drop,"Didanosine 100mg [Videx],chewable tablets, 60 Tabs",143.58,6840,73256.4,PMO - US,"BMS Meymac, France",Didanosine,10.71,3/27/09,SCMS-41587,Pre-PQ Process,Pre-PQ Process,ARV,116-ZA-T01,25-Jun-09,Air,Pediatric,60,0.18,S. BUYS WHOLESALER,DDP,Weight Captured Separately
10624,DN-373,Generic,Nigeria,20-Sep-07,20-Sep-07,150/200/30mg,Tablet - FDC,No,See DN-373 (ID#:10623),From RDC,"Lamivudine/Nevirapine/Stavudine 150/200/30mg, tablets, 60 Tabs",2.66,222,1665.0,PMO - US,"Cipla, Goa, India",Lamivudine/Nevirapine/Stavudine,7.5,N/A - From RDC,SO-565,Pre-PQ Process,Pre-PQ Process,ARV,112-NG-T01,20-Sep-07,Air,Adult,60,0.12,SCMS from RDC,N/A - From RDC,See DN-373 (ID#:10623)
10837,DN-161,Generic,Tanzania,06-Jul-07,06-Jul-07,150/200/30mg,Tablet - FDC,Yes,1589,From RDC,"Lamivudine/Nevirapine/Stavudine 150/200/30mg, tablets, 60 Tabs",MIssing,3386,25395.0,PMO - US,"Cipla, Goa, India",Lamivudine/Nevirapine/Stavudine,7.5,N/A - From RDC,SO-428,Pre-PQ Process,Pre-PQ Process,ARV,109-TZ-T01,06-Jul-07,Air,Adult,60,0.12,SCMS from RDC,N/A - From RDC,31
12481,DN-826,Generic,Tanzania,29-Jul-08,29-Jul-08,150/300mg,Tablet - FDC,No,See DN-826 (ID#:10674),From RDC,"Lamivudine/Zidovudine 150/300mg, tablets, 60 Tabs",1853.56,122590,1158475.5,PMO - US,"Aurobindo Unit III, India",Lamivudine/Zidovudine,9.45,N/A - From RDC,SO-2560,Pre-PQ Process,Pre-PQ Process,ARV,109-TZ-T01,29-Jul-08,Air,Adult,60,0.16,SCMS from RDC,N/A - From RDC,See DN-826 (ID#:10674)
1648,ASN-1448,OraQuick,Botswana,11-Apr-08,11-Apr-08,MIssing,Test kit,Yes,604,Direct Drop,"HIV 1/2, OraQuick Advance HIV Rapid Antibody Kit, 100 Tests",5.6,10,3500.0,PMO - US,"Pacific Biotech, Thailand","HIV 1/2, OraQuick Advance HIV Rapid Antibody Kit",350.0,Date Not Captured,SCMS-18550,Pre-PQ Process,Pre-PQ Process,HRDT,102-BW-T01,11-Apr-08,Air,HIV test,100,3.5,Orasure Technologies Inc.,EXW,39
10353,ASN-3760,Epivir,South Africa,26-Nov-08,26-Nov-08,150mg,Tablet,No,See ASN-3760 (ID#:5049),Direct Drop,"Lamivudine 150mg [Epivir], tablets, 60 Tabs",20.5,2000,10460.0,PMO - US,GSK Cape Town Factory (South Africa),Lamivudine,5.23,Date Not Captured,SCMS-41160,Pre-PQ Process,Pre-PQ Process,ARV,116-ZA-T01,01-Apr-09,Air,Adult,60,0.09,S. BUYS WHOLESALER,DDP,See ASN-3760 (ID#:5049)
5194,ASN-4819,Ziagen,South Africa,21-Jul-09,21-Jul-09,300mg,Tablet - blister,No,Freight Included in Commodity Cost,Direct Drop,"Abacavir 300mg [Ziagen], tablets, Blister 6 x 10 Tabs",2.12,30,1081.8,PMO - US,GSK Ware (UK),Abacavir,36.06,06-05-09,SCMS-47050,Pre-PQ Process,Pre-PQ Process,ARV,116-ZA-T01,12-Oct-09,Truck,Adult,60,0.6,S. BUYS WHOLESALER,DDP,Weight Captured Separately
12218,DN-964,Determine,Kenya,21-Oct-08,21-Oct-08,MIssing,Test kit,No,See DN-964 (ID#:10987),From RDC,"HIV 1/2, Determine HIV Kit, without Lancets, 100 Tests",783.9,5000,399950.0,PMO - US,Inverness Japan,"HIV 1/2, Determine HIV Kit, without Lancets",79.99,N/A - From RDC,SO-11430,Pre-PQ Process,Pre-PQ Process,HRDT,102-KE-T01,21-Oct-08,Truck,HIV test,100,0.8,SCMS from RDC,N/A - From RDC,See DN-964 (ID#:10987)
7983,ASN-139,Videx,Zimbabwe,18-Dec-06,18-Dec-06,200mg,Tablet,Yes,Freight Included in Commodity Cost,Direct Drop,"#102198**Didanosine 200mg [Videx], tablets, 60 Tabs",MIssing,425,10837.5,PMO - US,"BMS Meymac, France",Didanosine,25.5,Date Not Captured,SCMS-231,Pre-PQ Process,Pre-PQ Process,ARV,113-ZW-T01,18-Dec-06,Air,Pediatric,60,0.42,BRISTOL-MYERS SQUIBB,CIP,Weight Captured Separately
10683,DN-743,Generic,Haiti,27-May-08,27-May-08,10mg/ml,Oral suspension,Yes,22956,From RDC,"Nevirapine 10mg/ml, oral suspension, Bottle, 240 ml",15.53,5056,9707.52,PMO - US,"Aurobindo Unit III, India",Nevirapine,1.92,N/A - From RDC,SO-2056,Pre-PQ Process,Pre-PQ Process,ARV,106-HT-T01,27-May-08,Air,Pediatric,240,0.01,SCMS from RDC,N/A - From RDC,2166
12864,DN-1123,Generic,Nigeria,19-Mar-09,19-Mar-09,600mg,Tablet,Yes,Freight Included in Commodity Cost,From RDC,"Efavirenz 600mg, tablets, 30 Tabs",304.82,16000,155520.0,PMO - US,"Aurobindo Unit III, India",Efavirenz,9.72,N/A - From RDC,SO-22800,Pre-PQ Process,Pre-PQ Process,ARV,131-NG-T01,19-Mar-09,Air Charter,Adult,30,0.32,SCMS from RDC,N/A - From RDC,1364
2632,ASN-4600,Aluvia,Guyana,07-Aug-09,07-Aug-09,200/50mg,Tablet,Yes,314,Direct Drop,"Lopinavir/Ritonavir 200/50mg [Aluvia], tablets, 120 Tabs",440.27,2733,224625.27,PMO - US,ABBVIE Ludwigshafen Germany,Lopinavir/Ritonavir,82.19,7/15/09,SCMS-48690,Pre-PQ Process,Pre-PQ Process,ARV,105-GY-T01,07-Aug-09,Air,Adult,120,0.68,ABBOTT LABORATORIES (PUERTO RICO),CIP,589
12761,DN-622,Generic,Uganda,11-Mar-08,11-Mar-08,150/200/30mg,Tablet - FDC,Yes,1617.52,From RDC,"Lamivudine/Nevirapine/Stavudine 150/200/30mg, tablets, 60 Tabs",22.02,1860,13764.0,PMO - US,"Cipla, Goa, India",Lamivudine/Nevirapine/Stavudine,7.4,N/A - From RDC,SO-1820,Pre-PQ Process,Pre-PQ Process,ARV,114-UG-T01,11-Mar-08,MIssing,Adult,60,0.12,SCMS from RDC,N/A - From RDC,192
11331,DN-1277,Generic,Nigeria,16-Jun-09,16-Jun-09,300/300mg,Tablet - FDC,Yes,7329.83,From RDC,"Lamivudine/Tenofovir Disoproxil Fumarate 300/300mg, tablets, 30 Tabs",247.94,11000,126500.0,PMO - US,Mylan (formerly Matrix) Nashik,Lamivudine/Tenofovir Disoproxil Fumarate,11.5,N/A - From RDC,SO-26270,Pre-PQ Process,Pre-PQ Process,ARV,126-NG-T01,16-Jun-09,Air Charter,Adult,30,0.38,SCMS from RDC,N/A - From RDC,966
391,ASN-1879,Genie,CÃte dIvoire,17-Jun-08,17-Jun-08,MIssing,Test kit,Yes,5446.51,Direct Drop,"#108853** HIV, Genie II HIV-1/HIV-2 Kit, 40 Tests",57.88,476,36176.0,PMO - US,Bio-Rad Laboratories,"HIV, Genie II HIV-1/HIV-2 Kit",76.0,2/27/08,SCMS-18290,Pre-PQ Process,Pre-PQ Process,HRDT,104-CI-T01,17-Jun-08,Air,HIV test,40,1.9,BIO-RAD LABORATORIES (FRANCE),EXW,509
2733,ASN-452,OraQuick,CÃte dIvoire,28-Jun-07,28-Jun-07,MIssing,Test kit,Yes,3004.62,Direct Drop,"HIV 1/2, OraQuick Advance HIV Rapid Antibody Kit, 100 Tests",MIssing,50,20000.0,PMO - US,"Pacific Biotech, Thailand","HIV 1/2, OraQuick Advance HIV Rapid Antibody Kit",400.0,05-01-07,SCMS-593,Pre-PQ Process,Pre-PQ Process,HRDT,104-CI-T01,28-Jun-07,Air,HIV test,100,4.0,Orasure Technologies Inc.,EXW,120
11454,DN-332,Generic,Ethiopia,04-Sep-07,04-Sep-07,150mg,Tablet,No,See DN-332 (ID#:10613),From RDC,"Lamivudine 150mg, tablets, 60 Tabs",77.63,15960,48518.4,PMO - US,"Aurobindo Unit III, India",Lamivudine,3.04,N/A - From RDC,SO-914,Pre-PQ Process,Pre-PQ Process,ARV,117-ET-T01,04-Sep-07,MIssing,Adult,60,0.05,SCMS from RDC,N/A - From RDC,See DN-332 (ID#:10613)
12259,DN-958,Aluvia,Nigeria,31-Oct-08,31-Oct-08,200/50mg,Tablet,No,See DN-958 (ID#:10750),From RDC,"Lopinavir/Ritonavir 200/50mg [Aluvia], tablets, 120 Tabs",163.85,2034,83597.4,PMO - US,ABBVIE Ludwigshafen Germany,Lopinavir/Ritonavir,41.1,N/A - From RDC,SO-11232,Pre-PQ Process,Pre-PQ Process,ARV,123-NG-T01,31-Oct-08,Air,Adult,120,0.34,SCMS from RDC,N/A - From RDC,See DN-958 (ID#:10750)
7970,ASN-270,Generic,Vietnam,14-Mar-07,14-Mar-07,300mg,Tablet,No,See ASN-270 (ID#:5279),Direct Drop,"Zidovudine 300mg, tablets, 60 Tabs",MIssing,100,1084.0,PMO - US,"Ranbaxy, Paonta Shahib, India",Zidovudine,10.84,11/14/06,SCMS-167,Pre-PQ Process,Pre-PQ Process,ARV,108-VN-T01,14-Mar-07,Air,Adult,60,0.18,SUN PHARMACEUTICAL INDUSTRIES LTD (RANBAXY LABORATORIES LIMITED),EXW,See ASN-270 (ID#:5279)
12455,DN-590,Generic,Rwanda,29-Feb-08,29-Feb-08,10mg/ml,Oral solution,No,See DN-590 (ID#:11517),From RDC,"Lamivudine 10mg/ml, oral solution, Bottle, 240 ml",6.3,2000,3940.0,PMO - US,"Aurobindo Unit III, India",Lamivudine,1.97,N/A - From RDC,SO-1534,Pre-PQ Process,Pre-PQ Process,ARV,107-RW-T01,29-Feb-08,Air,Pediatric,240,0.01,SCMS from RDC,N/A - From RDC,See DN-590 (ID#:11517)
10823,DN-100,Generic,Rwanda,14-May-07,14-May-07,20mg/ml,Oral solution,Yes,11609.31,From RDC,"Abacavir 20mg/ml, oral solution, Bottle, 240 ml",MIssing,90,1935.0,PMO - US,"Aurobindo Unit III, India",Abacavir,21.5,N/A - From RDC,SO-481,Pre-PQ Process,Pre-PQ Process,ARV,107-RW-T01,14-May-07,Air,Pediatric,240,0.09,SCMS from RDC,N/A - From RDC,120
11669,DN-1300,Truvada,Uganda,15-Sep-09,15-Sep-09,300/200mg,Tablet - FDC,Yes,2737.97,From RDC,"Emtricitabine/Tenofovir Disoproxil Fumarate 200/300mg [Truvada], tablets, 30 Tabs",61.79,1201,31526.25,PMO - US,"Aspen-OSD, Port Elizabeth, SA",Emtricitabine/Tenofovir Disoproxil Fumarate,26.25,N/A - From RDC,SO-31460,Pre-PQ Process,Date Not Captured,ARV,114-UG-T01,15-Sep-09,Air,Adult,30,0.88,SCMS from RDC,N/A - From RDC,327
3419,ASN-2992,Genie,CÃte dIvoire,12-Dec-08,12-Dec-08,MIssing,Test kit,Yes,25080.52,Direct Drop,"#108853** HIV, Genie II HIV-1/HIV-2 Kit, 40 Tests",128.4,862,65512.0,PMO - US,Bio-Rad Laboratories,"HIV, Genie II HIV-1/HIV-2 Kit",76.0,9/18/08,SCMS-30420,Pre-PQ Process,Pre-PQ Process,HRDT,104-CI-T01,12-Dec-08,Air,HIV test,40,1.9,BIO-RAD LABORATORIES (FRANCE),EXW,963
10650,DN-621,Uni-Gold,Botswana,12-Mar-08,12-Mar-08,MIssing,Test kit,Yes,861,From RDC,"HIV 1/2, Uni-Gold HIV Kit, 20 Tests",5.12,100,3200.0,PMO - US,"Trinity Biotech, Plc","HIV 1/2, Uni-Gold HIV Kit",32.0,N/A - From RDC,SO-1662,Pre-PQ Process,Pre-PQ Process,HRDT,102-BW-T01,12-Mar-08,Air,HIV test,20,1.6,SCMS from RDC,N/A - From RDC,35
10723,DN-930,Generic,Haiti,06-Oct-08,06-Oct-08,10mg/ml,Oral solution,Yes,40301.65,From RDC,"Zidovudine 10mg/ml, oral solution, Bottle, 240 ml",30.87,9187,19292.7,PMO - US,"Aurobindo Unit III, India",Zidovudine,2.1,N/A - From RDC,SO-12160,Pre-PQ Process,Pre-PQ Process,ARV,106-HT-T01,06-Oct-08,Air,Pediatric,240,0.01,SCMS from RDC,N/A - From RDC,3435
12828,DN-937,Bioline,Kenya,25-Sep-08,25-Sep-08,MIssing,Test kit,Yes,1250,From RDC,"HIV 1/2, Bioline 3.0 Kit, Lancets, Capillary pipets, Alcohol swabs included, 25 Tests",640,20000,400000.0,PMO - US,"Standard Diagnostics, Korea","HIV 1/2, Bioline 3.0 Kit, Lancets, Capillary pipets, Alcohol swabs included",20.0,N/A - From RDC,SO-11450,Pre-PQ Process,Pre-PQ Process,HRDT,102-KE-T01,25-Sep-08,Truck,HIV test,25,0.8,SCMS from RDC,N/A - From RDC,6067
8475,ASN-2146,OraQuick,Haiti,20-Aug-08,20-Aug-08,MIssing,Test kit,Yes,Freight Included in Commodity Cost,Direct Drop,"HIV 1/2, OraQuick Advance HIV Rapid Antibody Kit, 100 Tests",30.24,54,18900.0,PMO - US,"Pacific Biotech, Thailand","HIV 1/2, OraQuick Advance HIV Rapid Antibody Kit",350.0,5/20/08,SCMS-23790,Pre-PQ Process,Pre-PQ Process,HRDT,106-HT-T01,20-Aug-08,Air,HIV test,100,3.5,Orasure Technologies Inc.,CIP,Weight Captured Separately
12375,DN-224,Generic,Zambia,09-Jul-07,09-Jul-07,20mg/ml,Oral solution,Yes,874.57,From RDC,"Abacavir 20mg/ml, oral solution, Bottle, 240 ml",12.04,350,7525.0,PMO - US,"Aurobindo Unit III, India",Abacavir,21.5,N/A - From RDC,SO-621,Pre-PQ Process,Pre-PQ Process,ARV,110-ZM-T01,09-Jul-07,MIssing,Pediatric,240,0.09,SCMS from RDC,N/A - From RDC,124
11247,DN-675,Determine,Kenya,05-Mar-08,05-Mar-08,MIssing,Test kit,Yes,Invoiced Separately,From RDC,"HIV 1/2, Determine HIV Kit, without Lancets, 100 Tests",198.38,1550,123984.5,PMO - US,Inverness Japan,"HIV 1/2, Determine HIV Kit, without Lancets",79.99,N/A - From RDC,SO-1975,Pre-PQ Process,Pre-PQ Process,HRDT,102-KE-T01,05-Mar-08,Truck,HIV test,100,0.8,SCMS from RDC,N/A - From RDC,Weight Captured Separately
11286,DN-857,Generic,Zimbabwe,26-Jul-08,26-Jul-08,600mg,Tablet,Yes,1648.64,From RDC,"Efavirenz 600mg, tablets, 30 Tabs",76.86,4000,48040.0,PMO - US,"Aurobindo Unit III, India",Efavirenz,12.01,N/A - From RDC,SO-11210,Pre-PQ Process,Pre-PQ Process,ARV,113-ZW-T01,26-Jul-08,Truck,Adult,30,0.4,SCMS from RDC,N/A - From RDC,342
6621,ASN-127,Generic,Uganda,21-Dec-06,21-Dec-06,30mg,Capsule,No,See ASN-127 (ID#:3955),Direct Drop,"Stavudine 30mg, capsules, 60 Caps",MIssing,6349,12380.55,PMO - US,"Aurobindo Unit III, India",Stavudine,1.95,Date Not Captured,SCMS-157,Pre-PQ Process,Pre-PQ Process,ARV,114-UG-T01,21-Dec-06,Air,Adult,60,0.03,Aurobindo Pharma Limited,EXW,See ASN-127 (ID#:3955)
12818,DN-963,Bioline,Kenya,16-Oct-08,16-Oct-08,MIssing,Test kit,Yes,1250,From RDC,"HIV 1/2, Bioline 3.0 Kit, Lancets, Capillary pipets, Alcohol swabs included, 25 Tests",783.96,19999,399980.0,PMO - US,"Standard Diagnostics, Korea","HIV 1/2, Bioline 3.0 Kit, Lancets, Capillary pipets, Alcohol swabs included",20.0,N/A - From RDC,SO-11460,Pre-PQ Process,Pre-PQ Process,HRDT,102-KE-T01,16-Oct-08,Truck,HIV test,25,0.8,SCMS from RDC,N/A - From RDC,6074
11537,DN-742,Generic,Haiti,02-Jun-08,02-Jun-08,200mg,Chewable/dispersible tablet,Yes,991.49,From RDC,"Didanosine 200mg, chewable/dispersible tablets, 60 Tabs",2.43,98,1519.0,PMO - US,"Aurobindo Unit III, India",Didanosine,15.5,N/A - From RDC,SO-2047,Pre-PQ Process,Pre-PQ Process,ARV,106-HT-T01,02-Jun-08,Air,Pediatric,60,0.26,SCMS from RDC,N/A - From RDC,77
12829,DN-912,Generic,Zambia,23-Sep-08,23-Sep-08,150/300mg,Tablet - FDC,No,See DN-912 (ID#:11577),From RDC,"Lamivudine/Zidovudine 150/300mg, tablets, 60 Tabs",756,50000,472500.0,PMO - US,"Aurobindo Unit III, India",Lamivudine/Zidovudine,9.45,N/A - From RDC,SO-2486,Pre-PQ Process,Pre-PQ Process,ARV,110-ZM-T01,23-Sep-08,Truck,Adult,60,0.16,SCMS from RDC,N/A - From RDC,See DN-912 (ID#:11577)
2474,ASN-4280,Kaletra,South Africa,20-Apr-09,20-Apr-09,80/20mg/ml,Oral solution,Yes,Freight Included in Commodity Cost,Direct Drop,"Lopinavir/Ritonavir 80/20mg/ml [Kaletra], oral solution, cool, Bottle 5 x 60 ml",2.82,40,1440.0,PMO - US,ABBVIE (Abbott) Logis. UK,Lopinavir/Ritonavir,36.0,04-02-09,SCMS-47420,Pre-PQ Process,Pre-PQ Process,ARV,116-ZA-T01,31-Jul-09,Air,Pediatric,300,0.12,S. BUYS WHOLESALER,DDP,Weight Captured Separately
11742,DN-276,Uni-Gold,Tanzania,22-Aug-07,22-Aug-07,MIssing,Test kit,Yes,939.62,From RDC,"HIV 1/2, Uni-Gold HIV Kit, 20 Tests",5.12,100,3200.0,PMO - US,"Trinity Biotech, Plc","HIV 1/2, Uni-Gold HIV Kit",32.0,N/A - From RDC,SO-307,Pre-PQ Process,Pre-PQ Process,HRDT,109-TZ-T01,22-Aug-07,Air,HIV test,20,1.6,SCMS from RDC,N/A - From RDC,36
3049,ASN-1468,Determine,CÃte dIvoire,08-Apr-08,08-Apr-08,MIssing,Test kit,Yes,515.48,Direct Drop,"HIV 1/2, Determine HIV Kit, without Lancets, 100 Tests",8.06,70,5039.3,PMO - US,Inverness Japan,"HIV 1/2, Determine HIV Kit, without Lancets",71.99,2/28/08,SCMS-18420,Pre-PQ Process,Pre-PQ Process,HRDT,104-CI-T01,08-Apr-08,Air,HIV test,100,0.72,"Orgenics, Ltd",EXW,16
12756,DN-535,Generic,Nigeria,09-Jan-08,09-Jan-08,300mg,Tablet,No,See DN-535 (ID#:10658),From RDC,"Zidovudine 300mg, tablets, 60 Tabs",1.63,125,1018.75,PMO - US,"Aurobindo Unit III, India",Zidovudine,8.15,N/A - From RDC,SO-1570,Pre-PQ Process,Pre-PQ Process,ARV,112-NG-T01,09-Jan-08,Air,Adult,60,0.14,SCMS from RDC,N/A - From RDC,See DN-535 (ID#:10658)
12914,DN-1435,Generic,Nigeria,20-Oct-09,20-Oct-09,150/300/200mg,Tablet - FDC,Yes,9341.49,From RDC,"Lamivudine/Nevirapine/Zidovudine 150/200/300mg, tablets, 60 Tabs",379.85,17000,193800.0,PMO - US,"Aurobindo Unit III, India",Lamivudine/Nevirapine/Zidovudine,11.4,N/A - From RDC,SO-33332,Pre-PQ Process,Date Not Captured,ARV,151-NG-T01,20-Oct-09,Air Charter,Adult,60,0.19,SCMS from RDC,N/A - From RDC,1914
6988,ASN-1552,Determine,Nigeria,08-May-08,08-May-08,MIssing,Test kit,Yes,1629,Direct Drop,"HIV 1/2, Determine HIV Kit, without Lancets, 100 Tests",36.48,285,22797.15,PMO - US,Inverness Japan,"HIV 1/2, Determine HIV Kit, without Lancets",79.99,03-11-08,SCMS-18740,Pre-PQ Process,Pre-PQ Process,HRDT,123-NG-T01,08-May-08,Air,HIV test,100,0.8,"Orgenics, Ltd",EXW,64
11993,DN-1322,Generic,Uganda,17-Jul-09,17-Jul-09,150/200/30mg,Tablet - FDC,Yes,3017.15,From RDC,"Lamivudine/Nevirapine/Stavudine 150/200/30mg, tablets, 60 Tabs",60.57,4340,30900.8,PMO - US,"Strides, Bangalore, India.",Lamivudine/Nevirapine/Stavudine,7.12,N/A - From RDC,SO-30080,Pre-PQ Process,Date Not Captured,ARV,114-UG-T01,17-Jul-09,Air,Adult,60,0.12,SCMS from RDC,N/A - From RDC,322
9389,ASN-766,Stat-Pak,Guyana,05-Oct-07,05-Oct-07,MIssing,Test kit,Yes,379.62,Direct Drop,"HIV 1/2, Stat-Pak HIV, Kit, 20 Tests",5.18,120,3240.0,PMO - US,Chembio Diagnostics Sys. Inc.,"HIV 1/2, Stat-Pak HIV, Kit",27.0,8/28/07,SCMS-11660,Pre-PQ Process,Pre-PQ Process,HRDT,102-GY-T01,05-Oct-07,Air,HIV test,20,1.35,"CHEMBIO DIAGNOSTIC SYSTEMS, INC.",EXW,35
12323,DN-1451,Generic,CÃte dIvoire,07-Oct-09,07-Oct-09,10mg/ml,Oral suspension,Yes,1234.9,From RDC,"Nevirapine 10mg/ml, oral suspension, Bottle, 240 ml",5.82,1547,2970.24,PMO - US,"Aurobindo Unit III, India",Nevirapine,1.92,N/A - From RDC,SO-32830,Pre-PQ Process,Date Not Captured,ARV,104-CI-T01,25-Aug-09,Air,Pediatric,240,0.01,SCMS from RDC,N/A - From RDC,581
10755,DN-933,Generic,Mozambique,14-Nov-08,14-Nov-08,150/300mg,Tablet - FDC,Yes,3874.22,From RDC,"Lamivudine/Zidovudine 150/300mg, tablets, 60 Tabs",54.93,3672,34333.2,PMO - US,"Aurobindo Unit III, India",Lamivudine/Zidovudine,9.35,N/A - From RDC,SO-15090,Pre-PQ Process,Pre-PQ Process,ARV,111-MZ-T01,14-Nov-08,Air,Adult,60,0.16,SCMS from RDC,N/A - From RDC,3427
12691,DN-354,Generic,Zimbabwe,18-Sep-07,18-Sep-07,150/30mg,Tablet - FDC,No,See DN-354 (ID#:10597),From RDC,"Lamivudine/Stavudine 150/30mg, tablets, 30 Tabs",5.12,1600,3200.0,PMO - US,"Cipla, Goa, India",Lamivudine/Stavudine,2.0,N/A - From RDC,SO-1074,Pre-PQ Process,Pre-PQ Process,ARV,100-ZW-T01,18-Sep-07,Truck,Adult,30,0.07,SCMS from RDC,N/A - From RDC,See DN-354 (ID#:10597)
5657,ASN-1543,Stat-Pak,Uganda,02-Jun-08,02-Jun-08,MIssing,Test kit,Yes,4193.88,Direct Drop,"HIV 1/2, Stat-Pak HIV, Kit, 20 Tests",55.08,1275,34425.0,PMO - US,Chembio Diagnostics Sys. Inc.,"HIV 1/2, Stat-Pak HIV, Kit",27.0,3/14/08,SCMS-18900,Pre-PQ Process,Pre-PQ Process,HRDT,114-UG-T01,02-Jun-08,Air,HIV test,20,1.35,"CHEMBIO DIAGNOSTIC SYSTEMS, INC.",EXW,483
4347,ASN-1665,Epivir,South Africa,24-Apr-08,24-Apr-08,10mg/ml,Oral solution,No,Freight Included in Commodity Cost,Direct Drop,"Lamivudine 10mg/ml [Epivir], oral solution, Bottle, 240 ml",10.26,1000,6410.0,PMO - US,GSK Mississauga (Canada),Lamivudine,6.41,2/20/08,SCMS-19800,Pre-PQ Process,Pre-PQ Process,ARV,116-ZA-T01,24-Apr-08,Truck,Pediatric,240,0.03,S. BUYS WHOLESALER,DDP,Weight Captured Separately
13148,ASN-26962,Kaletra,Dominican Republic,14-Jan-14,07-Feb-14,80/20mg/ml,Oral solution,Yes,Freight Included in Commodity Cost,Direct Drop,"Lopinavir/Ritonavir 80/20mg/ml [Kaletra], oral solution, cool, Bottle, 160 ml",152.4,4570,148250.8,PMO - US,ABBVIE Labs North Chicago US,Lopinavir/Ritonavir,32.44,6/23/14,SCMS-244720,FPQ-14469,6/13/14,ARV,103-DO-T30,14-Jan-14,Air,Pediatric,160,0.2,"ABBVIE, SRL (FORMALLY ABBOTT LABORATORIES INTERNATIONAL CO.)",DDP,Weight Captured Separately
1674,ASN-1665,Norvir,South Africa,24-Apr-08,24-Apr-08,80mg/ml,Oral solution,No,Freight Included in Commodity Cost,Direct Drop,"Ritonavir 80mg/ml [Norvir], oral solution, cool, Bottle, 90 ml",0.08,6,47.28,PMO - US,ABBVIE (Abbott) France,Ritonavir,7.88,2/20/08,SCMS-19800,Pre-PQ Process,Pre-PQ Process,ARV,116-ZA-T01,24-Apr-08,Truck,Pediatric,90,0.09,S. BUYS WHOLESALER,DDP,Weight Captured Separately
12500,DN-682,Generic,Haiti,21-Mar-08,21-Mar-08,30mg,Capsule,No,See DN-682 (ID#:10963),From RDC,"Stavudine 30mg, capsules, 60 Caps",18.9,7770,11810.4,PMO - US,"Aurobindo Unit III, India",Stavudine,1.52,N/A - From RDC,SO-2042,Pre-PQ Process,Pre-PQ Process,ARV,106-HT-T01,21-Mar-08,Air,Adult,60,0.03,SCMS from RDC,N/A - From RDC,See DN-682 (ID#:10963)
11883,DN-664,Generic,Tanzania,23-Apr-08,23-Apr-08,100mg,Chewable/dispersible tablet,Yes,8381.22,From RDC,"Didanosine 100mg, chewable/dispersible tablets, 60 Tabs",144.34,11640,90210.0,PMO - US,"Aurobindo Unit III, India",Didanosine,7.75,N/A - From RDC,SO-1943,Pre-PQ Process,Pre-PQ Process,ARV,109-TZ-T01,23-Apr-08,Air,Pediatric,60,0.13,SCMS from RDC,N/A - From RDC,2427
6416,ASN-4386,Generic,South Africa,21-Apr-09,21-Apr-09,30mg,Capsule,No,Freight Included in Commodity Cost,Direct Drop,"Stavudine 30mg, capsules, 60 Caps",16.32,2775,8325.0,PMO - US,"Aurobindo Unit III, India",Stavudine,3.0,3/27/09,SCMS-41585,Pre-PQ Process,Pre-PQ Process,ARV,116-ZA-T01,25-Jun-09,Air,Adult,60,0.05,S. BUYS WHOLESALER,DDP,Weight Captured Separately
11866,DN-756,Generic,Zimbabwe,11-Jun-08,11-Jun-08,150/200/30mg,Tablet - FDC,Yes,45047.32,From RDC,"Lamivudine/Nevirapine/Stavudine 150/200/30mg, tablets, 60 Tabs",440.92,37240,275576.0,PMO - US,"Cipla, Goa, India",Lamivudine/Nevirapine/Stavudine,7.4,N/A - From RDC,SO-2667,Pre-PQ Process,Pre-PQ Process,ARV,100-ZW-T01,11-Jun-08,Air,Adult,60,0.12,SCMS from RDC,N/A - From RDC,7806
4368,ASN-2204,Generic,Vietnam,12-Aug-08,12-Aug-08,150/200/30mg,Tablet - FDC,Yes,7526.06,Direct Drop,"Lamivudine/Nevirapine/Stavudine 150/200/30mg, tablets, 60 Tabs",123.37,10420,77108.0,PMO - US,"Cipla, Goa, India",Lamivudine/Nevirapine/Stavudine,7.4,3/31/08,SCMS-20390,Pre-PQ Process,Pre-PQ Process,ARV,108-VN-T01,12-Aug-08,Air,Adult,60,0.12,CIPLA LIMITED,EXW,1000
10840,DN-281,Generic,Tanzania,22-Aug-07,22-Aug-07,150/200/30mg,Tablet - FDC,Yes,2554.39,From RDC,"Lamivudine/Nevirapine/Stavudine 150/200/30mg, tablets, 60 Tabs",40.63,3386,25395.0,PMO - US,"Cipla, Goa, India",Lamivudine/Nevirapine/Stavudine,7.5,N/A - From RDC,SO-850,Pre-PQ Process,Pre-PQ Process,ARV,109-TZ-T01,22-Aug-07,MIssing,Adult,60,0.12,SCMS from RDC,N/A - From RDC,345
13959,ASN-28530,Generic,Zambia,01-Dec-14,10-Dec-14,30/60mg,Chewable/dispersible tablet - FDC,Yes,4316.34,Direct Drop,"Lamivudine/Zidovudine 30/60mg, dispersible tablets, 60 Tabs",20.46,10000,19900.0,PMO - US,"Mylan,  H-12 & H-13, India",Lamivudine/Zidovudine,1.99,06-04-14,SCMS-242720,FPQ-14291,5/21/14,ARV,110-ZM-T30,01-Dec-14,Air,Pediatric,60,0.03,MYLAN LABORATORIES LTD (FORMERLY MATRIX LABORATORIES),EXW,849
12278,DN-1217,Truvada,Nigeria,08-May-09,08-May-09,300/200mg,Tablet - FDC,Yes,15128.47,From RDC,"Emtricitabine/Tenofovir Disoproxil Fumarate 200/300mg [Truvada], tablets, 30 Tabs",1411.74,27439,720273.75,PMO - US,"Aspen-OSD, Port Elizabeth, SA",Emtricitabine/Tenofovir Disoproxil Fumarate,26.25,N/A - From RDC,SO-30021,Pre-PQ Process,Pre-PQ Process,ARV,151-NG-T01,08-May-09,Air Charter,Adult,30,0.88,SCMS from RDC,N/A - From RDC,2561
960,ASN-3562,Generic,Vietnam,10-Apr-09,10-Apr-09,150/300mg,Tablet - FDC,Yes,12835.2,Direct Drop,"Lamivudine/Zidovudine 150/300mg, tablets, 60 Tabs",100.65,5964,51350.04,PMO - US,"Aurobindo Unit III, India",Lamivudine/Zidovudine,8.61,1/16/09,SCMS-37170,Pre-PQ Process,Pre-PQ Process,ARV,108-VN-T01,10-Apr-09,Air,Adult,60,0.14,Aurobindo Pharma Limited,EXW,3509
12552,DN-987,Generic,Uganda,06-Jan-09,06-Jan-09,150/30mg,Tablet - FDC,No,See DN-987 (ID#:12252),From RDC,"Lamivudine/Stavudine 150/30mg, tablets, 30 Tabs",3.68,938,1876.0,PMO - US,"Cipla, Goa, India",Lamivudine/Stavudine,2.0,N/A - From RDC,SO-17900,Pre-PQ Process,Pre-PQ Process,ARV,114-UG-T01,06-Jan-09,Air,Adult,30,0.07,SCMS from RDC,N/A - From RDC,See DN-987 (ID#:12252)
10551,DN-73,Generic,CÃte dIvoire,30-Apr-07,30-Apr-07,150/200/30mg,Tablet - FDC,Yes,3166,From RDC,"Lamivudine/Nevirapine/Stavudine 150/200/30mg, tablets, 60 Tabs",MIssing,9000,67500.0,PMO - US,"Cipla, Goa, India",Lamivudine/Nevirapine/Stavudine,7.5,N/A - From RDC,SO-436,Pre-PQ Process,Pre-PQ Process,ARV,100-CI-T01,30-Apr-07,MIssing,Adult,60,0.12,SCMS from RDC,N/A - From RDC,974
1549,ASN-1197,Determine,Nigeria,05-Feb-08,05-Feb-08,MIssing,Test kit,Yes,2577.27,Direct Drop,"HIV 1/2, Determine HIV Kit, without Lancets, 100 Tests",83.19,650,51993.5,PMO - US,Inverness Japan,"HIV 1/2, Determine HIV Kit, without Lancets",79.99,Date Not Captured,SCMS-15550,Pre-PQ Process,Pre-PQ Process,HRDT,123-NG-T01,05-Feb-08,Air,HIV test,100,0.8,"Orgenics, Ltd",EXW,148
10354,ASN-3760,Retrovir,South Africa,26-Nov-08,26-Nov-08,10mg/ml,Oral solution,No,See ASN-3760 (ID#:5049),Direct Drop,"Zidovudine 10mg/ml [Retrovir], oral solution, Bottle, 200 ml",1.86,150,949.5,PMO - US,GSK Mississauga (Canada),Zidovudine,6.33,Date Not Captured,SCMS-41160,Pre-PQ Process,Pre-PQ Process,ARV,116-ZA-T01,01-Apr-09,Air,Pediatric,200,0.03,S. BUYS WHOLESALER,DDP,See ASN-3760 (ID#:5049)
8642,ASN-2575,Colloidal Gold,Ethiopia,06-Oct-08,06-Oct-08,MIssing,Test kit,Yes,44347.71,Direct Drop,"HIV 1/2, SKB Colloidal Gold, Diagnostic Kit, Antibody, 50 Tests",257.67,7002,161046.0,PMO - US,"KHB Test Kit Facility, Shanghai China","HIV 1/2, Colloidal Gold, Diagnostic Kit, Antibody",23.0,8/22/08,SCMS-28710,Pre-PQ Process,Pre-PQ Process,HRDT,117-ET-T01,07-Oct-08,Air,HIV test,1,23.0,"SHANGHAI KEHUA BIOENGINEERING CO.,LTD.  (KHB)",EXW,5057
12210,DN-818,Generic,Uganda,21-Aug-08,21-Aug-08,600mg,Tablet,No,See DN-818 (ID#:11270),From RDC,"Efavirenz 600mg, tablets, 30 Tabs",24.98,1300,15613.0,PMO - US,"Aurobindo Unit III, India",Efavirenz,12.01,N/A - From RDC,SO-2344,Pre-PQ Process,Pre-PQ Process,ARV,114-UG-T01,21-Aug-08,Air,Adult,30,0.4,SCMS from RDC,N/A - From RDC,See DN-818 (ID#:11270)
12073,DN-247,Kaletra,Tanzania,30-Jul-07,30-Jul-07,80/20mg/ml,Oral solution,No,See DN-247 (ID#:11139),From RDC,"Lopinavir/Ritonavir 80/20mg/ml [Kaletra], oral solution, cool, Bottle 5 x 60 ml",9.67,147,6041.7,PMO - US,ABBVIE (Abbott) Logis. UK,Lopinavir/Ritonavir,41.1,N/A - From RDC,SO-496,Pre-PQ Process,Pre-PQ Process,ARV,109-TZ-T01,30-Jul-07,Air,Pediatric,300,0.14,SCMS from RDC,N/A - From RDC,See DN-247 (ID#:11139)
11246,DN-686,Determine,Haiti,03-Apr-08,03-Apr-08,MIssing,Test kit,No,See DN-686 (ID#:10691),From RDC,"HIV 1/2, Determine HIV Kit, without Lancets, 100 Tests",1.15,10,720.0,PMO - US,Inverness Japan,"HIV 1/2, Determine HIV Kit, without Lancets",72.0,N/A - From RDC,SO-1291,Pre-PQ Process,Pre-PQ Process,HRDT,125-HT-T01,03-Apr-08,Air,HIV test,100,0.72,SCMS from RDC,N/A - From RDC,See DN-686 (ID#:10691)
3743,ASN-3623,Viramune,South Africa,03-Dec-08,03-Dec-08,200mg,Tablet,No,Freight Included in Commodity Cost,Direct Drop,"Nevirapine 200mg [Viramune], tablets, 60 Tabs",46.35,1560,23649.6,PMO - US,"Boehringer Ing., Koropi, GR",Nevirapine,15.16,Date Not Captured,SCMS-41040,Pre-PQ Process,Pre-PQ Process,ARV,116-ZA-T01,07-Apr-09,Air,Adult,60,0.25,S. BUYS WHOLESALER,DDP,Weight Captured Separately
10737,DN-1052,Generic,Ethiopia,03-Mar-09,03-Mar-09,600mg,Tablet,Yes,16901.37,From RDC,"Efavirenz 600mg, tablets, 30 Tabs",602.1,28926,307194.12,PMO - US,Mylan (formerly Matrix) Nashik,Efavirenz,10.62,N/A - From RDC,SO-22020,Pre-PQ Process,Pre-PQ Process,ARV,117-ET-T01,03-Mar-09,Air,Adult,30,0.35,SCMS from RDC,N/A - From RDC,4593
8192,ASN-1305,Generic,Rwanda,11-Mar-08,11-Mar-08,150/200/30mg,Tablet - FDC,Yes,35034.75,Direct Drop,"Lamivudine/Nevirapine/Stavudine 150/200/30mg, tablets, 60 Tabs",1120,100000,700000.0,PMO - US,"Cipla, Goa, India",Lamivudine/Nevirapine/Stavudine,7.0,11/21/07,SCMS-14220,Pre-PQ Process,Pre-PQ Process,ARV,107-RW-T01,28-Apr-08,Air,Adult,60,0.12,CIPLA LIMITED,CIP,10303
1110,ASN-4423,Norvir,CÃte dIvoire,22-Jul-09,22-Jul-09,100mg,Capsule,Yes,7642.97,Direct Drop,"Ritonavir 100mg [Norvir], capsules, cool, 4 x 84 Caps",30.07,400,15344.0,PMO - US,ABBVIE (Abbott) Logis. UK,Ritonavir,38.36,3/30/09,SCMS-42230,Pre-PQ Process,Pre-PQ Process,ARV,104-CI-T01,22-Jul-09,Air,Adult,336,0.11,ABBVIE LOGISTICS (FORMERLY ABBOTT LOGISTICS BV),FCA,175
5303,ASN-286,Videx,Zimbabwe,19-Mar-07,19-Mar-07,50mg,Chewable/dispersible tablet,Yes,Freight Included in Commodity Cost,Direct Drop,"Didanosine 50mg [Videx], chewable tablets, 60 Tabs",MIssing,54,513.0,PMO - US,"BMS Meymac, France",Didanosine,9.5,1/19/07,SCMS-348,Pre-PQ Process,Pre-PQ Process,ARV,113-ZW-T01,19-Mar-07,Air,Pediatric,60,0.16,BRISTOL-MYERS SQUIBB,CIP,Weight Captured Separately
1905,ASN-2274,Generic,Vietnam,19-Sep-08,19-Sep-08,150/300mg,Tablet - FDC,No,See ASN-2274 (ID#:610),Direct Drop,"Lamivudine/Zidovudine 150/300mg, tablets, 60 Tabs",59.24,4300,37023.0,PMO - US,"Aurobindo Unit III, India",Lamivudine/Zidovudine,8.61,07-01-08,SCMS-26180,Pre-PQ Process,Pre-PQ Process,ARV,108-VN-T01,19-Sep-08,Air,Adult,60,0.14,Aurobindo Pharma Limited,EXW,See ASN-2274 (ID#:610)
3386,ASN-2403,Determine,Mozambique,03-Oct-08,03-Oct-08,MIssing,Test kit,Yes,2648.82,Direct Drop,"HIV 1/2, Determine HIV Kit, without Lancets, 100 Tests",115.18,1000,71990.0,PMO - US,Inverness Japan,"HIV 1/2, Determine HIV Kit, without Lancets",71.99,8/29/08,SCMS-29440,Pre-PQ Process,Pre-PQ Process,HRDT,111-MZ-T01,03-Oct-08,Air,HIV test,100,0.72,"Orgenics, Ltd",EXW,296
10623,DN-373,Generic,Nigeria,20-Sep-07,20-Sep-07,150/300+200mg,Tablet - FDC + co-blister,Yes,13873,From RDC,"Lamivudine/Zidovudine+Nevirapine 150/300+200mg, tablets, co-blister, 60+60 Tabs",327.34,9980,204590.0,PMO - US,"Aspen-OSD, Port Elizabeth, SA",Lamivudine/Zidovudine+Nevirapine,20.5,N/A - From RDC,SO-565,Pre-PQ Process,Pre-PQ Process,ARV,112-NG-T01,20-Sep-07,Air,Adult,120,0.17,SCMS from RDC,N/A - From RDC,2846
11673,DN-1386,Generic,Zambia,15-Sep-09,15-Sep-09,600mg,Tablet,Yes,8281.69,From RDC,"Efavirenz 600mg, tablets, 30 Tabs",1881.6,120000,960000.0,PMO - US,"Aurobindo Unit III, India",Efavirenz,8.0,N/A - From RDC,SO-29040,Pre-PQ Process,Date Not Captured,ARV,110-ZM-T01,15-Sep-09,Truck,Adult,30,0.27,SCMS from RDC,N/A - From RDC,20144
12250,DN-846,Generic,Nigeria,24-Jul-08,24-Jul-08,300mg,Tablet,No,See DN-846 (ID#:11939),From RDC,"Zidovudine 300mg, tablets, 60 Tabs",57.6,4500,36000.0,PMO - US,"Aurobindo Unit III, India",Zidovudine,8.0,N/A - From RDC,SO-10750,Pre-PQ Process,Pre-PQ Process,ARV,126-NG-T01,24-Jul-08,Air,Adult,60,0.13,SCMS from RDC,N/A - From RDC,See DN-846 (ID#:11939)
11960,DN-1163,Kaletra,CÃte dIvoire,23-Mar-09,23-Mar-09,80/20mg/ml,Oral solution,No,See DN-1163 (ID#:11030),From RDC,"Lopinavir/Ritonavir 80/20mg/ml [Kaletra], oral solution, cool, Bottle 5 x 60 ml",120.83,1500,61650.0,PMO - US,ABBVIE (Abbott) Logis. UK,Lopinavir/Ritonavir,41.1,N/A - From RDC,SO-970,Pre-PQ Process,Pre-PQ Process,ARV,104-CI-T01,23-Mar-09,Air,Pediatric,300,0.14,SCMS from RDC,N/A - From RDC,See DN-1163 (ID#:11030)
11638,DN-1228,Generic,Zambia,08-Jun-09,08-Jun-09,600mg,Tablet,Yes,8288.78,From RDC,"Efavirenz 600mg, tablets, 30 Tabs",613.47,28454,312994.0,PMO - US,"Aurobindo Unit III, India",Efavirenz,11.0,N/A - From RDC,SO-17611,Pre-PQ Process,Pre-PQ Process,ARV,110-ZM-T01,08-Jun-09,Truck,Adult,30,0.37,SCMS from RDC,N/A - From RDC,3279
12202,DN-697,Determine,Kenya,31-Mar-08,31-Mar-08,MIssing,Test kit,Yes,405.97,From RDC,"HIV 1/2, Determine HIV Kit, without Lancets, 100 Tests",255.97,2000,159980.0,PMO - US,Inverness Japan,"HIV 1/2, Determine HIV Kit, without Lancets",79.99,N/A - From RDC,SO-1973,Pre-PQ Process,Pre-PQ Process,HRDT,102-KE-T01,31-Mar-08,Truck,HIV test,100,0.8,SCMS from RDC,N/A - From RDC,490
10719,DN-932,Generic,Mozambique,14-Nov-08,14-Nov-08,150/200/30mg,Tablet - FDC,Yes,1012.43,From RDC,"Lamivudine/Nevirapine/Stavudine 150/200/30mg, tablets, 60 Tabs",1440.12,125010,900072.0,PMO - US,"Strides, Bangalore, India.",Lamivudine/Nevirapine/Stavudine,7.2,N/A - From RDC,SO-11071,Pre-PQ Process,Pre-PQ Process,ARV,111-MZ-T01,14-Nov-08,Truck,Adult,60,0.12,SCMS from RDC,N/A - From RDC,3918
7244,ASN-2488,Generic,South Africa,08-Jul-08,08-Jul-08,200mg,Tablet,No,Freight Included in Commodity Cost,Direct Drop,"Nevirapine 200mg, tablets, 60 Tabs",3.89,120,2428.8,PMO - US,"Cipla, Goa, India",Nevirapine,20.24,Date Not Captured,SCMS-26820,Pre-PQ Process,Pre-PQ Process,ARV,116-ZA-T01,10-Jul-08,Truck,Adult,60,0.34,S. BUYS WHOLESALER,DDP,Weight Captured Separately
12366,DN-148,Stocrin/Sustiva,Mozambique,13-Jun-07,13-Jun-07,50mg,Capsule,No,See DN-148 (ID#:10564),From RDC,"Efavirenz 50mg [Stocrin/Sustiva], capsule, 30 Caps",MIssing,1844,6306.48,PMO - US,"MSD Manati, Puerto Rico, (USA)",Efavirenz,3.42,N/A - From RDC,SO-576,Pre-PQ Process,Pre-PQ Process,ARV,111-MZ-T01,13-Jun-07,Air,Pediatric,30,0.11,SCMS from RDC,N/A - From RDC,See DN-148 (ID#:10564)
4302,ASN-1550,Genie,CÃte dIvoire,17-Apr-08,17-Apr-08,MIssing,Test kit,Yes,6924.83,Direct Drop,"#108853** HIV, Genie II HIV-1/HIV-2 Kit, 40 Tests",57.88,476,36176.0,PMO - US,Bio-Rad Laboratories,"HIV, Genie II HIV-1/HIV-2 Kit",76.0,2/27/08,SCMS-18280,Pre-PQ Process,Pre-PQ Process,HRDT,104-CI-T01,14-Apr-08,Air,HIV test,40,1.9,BIO-RAD LABORATORIES (FRANCE),EXW,522
11997,DN-1344,Generic,Nigeria,04-Aug-09,04-Aug-09,150/300/200mg,Tablet - FDC,Yes,7445.8,From RDC,"Lamivudine/Nevirapine/Zidovudine 150/200/300mg, tablets, 60 Tabs",937.31,41949,478218.6,PMO - US,"Aurobindo Unit III, India",Lamivudine/Nevirapine/Zidovudine,11.4,N/A - From RDC,SO-32642,Pre-PQ Process,Date Not Captured,ARV,151-NG-T01,04-Aug-09,Air Charter,Adult,60,0.19,SCMS from RDC,N/A - From RDC,4724
5282,ASN-276,Generic,Vietnam,14-Mar-07,14-Mar-07,600mg,Tablet,No,See ASN-276 (ID#:2686),Direct Drop,"Efavirenz 600mg, tablets, 30 Tabs",MIssing,38300,641525.0,PMO - US,"Aurobindo Unit III, India",Efavirenz,16.75,11/14/06,SCMS-168,Pre-PQ Process,Pre-PQ Process,ARV,108-VN-T01,14-Mar-07,Air,Adult,30,0.56,Aurobindo Pharma Limited,EXW,See ASN-276 (ID#:2686)
10891,DN-380,Determine,Zambia,17-Oct-07,17-Oct-07,MIssing,Test kit,No,See DN-380 (ID#:10622),From RDC,"HIV 1/2, Determine HIV Kit, without Lancets, 100 Tests",100.44,872,62775.28,PMO - US,Inverness Japan,"HIV 1/2, Determine HIV Kit, without Lancets",71.99,N/A - From RDC,SO-535,Pre-PQ Process,Pre-PQ Process,HRDT,110-ZM-T01,17-Oct-07,MIssing,HIV test,100,0.72,SCMS from RDC,N/A - From RDC,See DN-380 (ID#:10622)
11271,DN-823,Generic,Zambia,23-Jul-08,23-Jul-08,150/200/30mg,Tablet - FDC,Yes,7053.51,From RDC,"Lamivudine/Nevirapine/Stavudine 150/200/30mg, tablets, 60 Tabs",691.2,60000,432000.0,PMO - US,"Strides, Bangalore, India.",Lamivudine/Nevirapine/Stavudine,7.2,N/A - From RDC,SO-2549,Pre-PQ Process,Pre-PQ Process,ARV,110-ZM-T01,23-Jul-08,Truck,Adult,60,0.12,SCMS from RDC,N/A - From RDC,12606
11634,DN-1205,Generic,Haiti,19-May-09,19-May-09,15mg,Capsule,No,See DN-1205 (ID#:11314),From RDC,"Stavudine 15mg, capsules, 60 Caps",0.32,108,162.0,PMO - US,"Aurobindo Unit III, India",Stavudine,1.5,N/A - From RDC,SO-24830,Pre-PQ Process,Pre-PQ Process,ARV,106-HT-T01,19-May-09,Air,Adult,60,0.02,SCMS from RDC,N/A - From RDC,See DN-1205 (ID#:11314)
9874,ASN-2861,Videx,Vietnam,13-Nov-08,13-Nov-08,25mg,Chewable/dispersible tablet,Yes,1516.05,Direct Drop,"Didanosine 25mg [Videx], chewable tablets, 60 Tabs",3.29,240,1680.0,PMO - US,"BMS Meymac, France",Didanosine,7.0,7/23/08,SCMS-27330,Pre-PQ Process,Pre-PQ Process,ARV,108-VN-T01,13-Nov-08,Air,Pediatric,60,0.12,BRISTOL-MYERS SQUIBB,CIP,52
11596,DN-893,Generic,Tanzania,15-Sep-08,15-Sep-08,150/300mg,Tablet - FDC,Yes,9001.03,From RDC,"Lamivudine/Zidovudine 150/300mg, tablets, 60 Tabs",882.91,58086,551817.0,PMO - US,"Aurobindo Unit III, India",Lamivudine/Zidovudine,9.5,N/A - From RDC,SO-1697,Pre-PQ Process,Pre-PQ Process,ARV,109-TZ-T01,15-Sep-08,MIssing,Adult,60,0.16,SCMS from RDC,N/A - From RDC,8343
12174,DN-833,Generic,Nigeria,16-Jul-08,16-Jul-08,150mg,Tablet,No,See DN-833 (ID#:11243),From RDC,"Lamivudine 150mg, tablets, 60 Tabs",4.44,957,2775.3,PMO - US,"Aurobindo Unit III, India",Lamivudine,2.9,N/A - From RDC,SO-11220,Pre-PQ Process,Pre-PQ Process,ARV,112-NG-T01,16-Jul-08,Air,Adult,60,0.05,SCMS from RDC,N/A - From RDC,See DN-833 (ID#:11243)
12751,DN-475,Generic,Nigeria,03-Dec-07,03-Dec-07,150mg,Tablet,No,See DN-475 (ID#:10642),From RDC,"Lamivudine 150mg, tablets, 60 Tabs",3.42,645,2134.95,PMO - US,"Aurobindo Unit III, India",Lamivudine,3.31,N/A - From RDC,SO-567,Pre-PQ Process,Pre-PQ Process,ARV,112-NG-T01,03-Dec-07,Air,Adult,60,0.06,SCMS from RDC,N/A - From RDC,See DN-475 (ID#:10642)
10820,DN-44,Stocrin/Sustiva,Mozambique,17-Apr-07,17-Apr-07,200mg,Capsule,No,See DN-44 (ID#:10549),From RDC,"Efavirenz 200mg [Stocrin/Sustiva], capsule, 90 Caps",MIssing,151,4892.4,PMO - US,"MSD Manati, Puerto Rico, (USA)",Efavirenz,32.4,N/A - From RDC,SO-293,Pre-PQ Process,Pre-PQ Process,ARV,111-MZ-T01,17-Apr-07,Air,Pediatric,90,0.36,SCMS from RDC,N/A - From RDC,See DN-44 (ID#:10549)
11153,DN-291,Generic,Tanzania,29-Aug-07,29-Aug-07,600mg,Tablet,Yes,5834,From RDC,"Efavirenz 600mg, tablets, 30 Tabs",619.55,23814,387215.64,PMO - US,"Aurobindo Unit III, India",Efavirenz,16.26,N/A - From RDC,SO-456,Pre-PQ Process,Pre-PQ Process,ARV,109-TZ-T01,29-Aug-07,Air,Adult,30,0.54,SCMS from RDC,N/A - From RDC,2102
10934,DN-479,Generic,Zimbabwe,05-Feb-08,05-Feb-08,150/30mg,Tablet - FDC,No,See DN-479 (ID#:10647),From RDC,"Lamivudine/Stavudine 150/30mg, tablets, 30 Tabs",5.12,1600,3200.0,PMO - US,"Cipla, Goa, India",Lamivudine/Stavudine,2.0,N/A - From RDC,SO-708,Pre-PQ Process,Pre-PQ Process,ARV,100-ZW-T01,05-Feb-08,Air,Adult,30,0.07,SCMS from RDC,N/A - From RDC,See DN-479 (ID#:10647)
46,ASN-93,Generic,Nigeria,07-Dec-06,07-Dec-06,30mg,Capsule,No,See ASN-93 (ID#:1281),Direct Drop,"Stavudine 30mg, capsules, 60 Caps",MIssing,273,532.35,PMO - US,"Aurobindo Unit III, India",Stavudine,1.95,Date Not Captured,SCMS-156,Pre-PQ Process,Pre-PQ Process,ARV,112-NG-T01,07-Dec-06,Air,Adult,60,0.03,Aurobindo Pharma Limited,EXW,See ASN-93 (ID#:1281)
5522,ASN-1340,Aluvia,Vietnam,06-Mar-08,06-Mar-08,200/50mg,Tablet,Yes,3120.92,Direct Drop,"Lopinavir/Ritonavir 200/50mg [Aluvia], tablets, 120 Tabs",131.52,1000,82200.0,PMO - US,ABBVIE Ludwigshafen Germany,Lopinavir/Ritonavir,82.2,11/22/07,SCMS-14210,Pre-PQ Process,Pre-PQ Process,ARV,108-VN-T01,06-Mar-08,Air,Adult,120,0.68,ABBVIE LOGISTICS (FORMERLY ABBOTT LOGISTICS BV),FCA,249
5575,ASN-1520,Zerit,South Africa,04-Jan-08,04-Jan-08,40mg,Capsule,No,Freight Included in Commodity Cost,Direct Drop,"Stavudine 40mg [Zerit], capsules, 60 Caps",1.83,200,1146.0,PMO - US,"BMS Meymac, France",Stavudine,5.73,01-04-08,SCMS-16600,Pre-PQ Process,Pre-PQ Process,ARV,116-ZA-T01,21-Jan-08,MIssing,Adult,60,0.1,"JSI R&T INSTITUTE, INC.",DDP,Weight Captured Separately
11579,DN-911,Truvada,Nigeria,12-Sep-08,12-Sep-08,300/200mg,Tablet - FDC,Yes,747.5,From RDC,"Emtricitabine/Tenofovir Disoproxil Fumarate 200/300mg [Truvada], tablets, 30 Tabs",3.19,76,1995.0,PMO - US,"Aspen-OSD, Port Elizabeth, SA",Emtricitabine/Tenofovir Disoproxil Fumarate,26.25,N/A - From RDC,SO-12780,Pre-PQ Process,Pre-PQ Process,ARV,112-NG-T01,12-Sep-08,Air,Adult,30,0.88,SCMS from RDC,N/A - From RDC,7
392,ASN-3435,Bioline,CÃte dIvoire,19-Mar-09,19-Mar-09,MIssing,Test kit,Yes,2656.12,Direct Drop,"HIV 1/2, Bioline 3.0 Kit, Lancets, Capillary pipets, Alcohol swabs included, 25 Tests",25.83,659,13180.0,PMO - US,"Standard Diagnostics, Korea","HIV 1/2, Bioline 3.0 Kit, Lancets, Capillary pipets, Alcohol swabs included",20.0,03-03-08,SCMS-18310,Pre-PQ Process,Pre-PQ Process,HRDT,104-CI-T01,19-Mar-09,Air,HIV test,25,0.8,"Standard Diagnostics, Inc.",EXW,206
3808,ASN-4648,Determine,Kenya,28-Aug-09,28-Aug-09,MIssing,Test kit,Yes,17974.65,Direct Drop,"HIV 1/2, Determine Complete HIV Kit, 100 Tests",1176,7500,600000.0,PMO - US,Inverness Japan,"HIV 1/2, Determine Complete HIV Kit",80.0,5/14/09,SCMS-42961,Pre-PQ Process,Pre-PQ Process,HRDT,102-KE-T01,07-Aug-09,Air,HIV test,100,0.8,"Orgenics, Ltd",EXW,2215
11073,DN-1487,Generic,Lebanon,18-Nov-09,18-Nov-09,300mg,Tablet,Yes,Invoiced Separately,From RDC,"Abacavir 300mg, tablets, 60 Tabs",0,100,1.0,PMO - US,Mylan (formerly Matrix) Nashik,Abacavir,0.01,N/A - From RDC,SO-33900,Pre-PQ Process,Date Not Captured,ARV,100-LB-T01,18-Nov-09,Air,Adult,60,0.0,SCMS from RDC,N/A - From RDC,Weight Captured Separately
11980,DN-1244,Generic,Nigeria,16-Jun-09,16-Jun-09,30mg,Capsule,No,See DN-1244 (ID#:11048),From RDC,"Stavudine 30mg, capsules, 60 Caps",3.04,1002,1553.1,PMO - US,"Aurobindo Unit III, India",Stavudine,1.55,N/A - From RDC,SO-21050,Pre-PQ Process,Pre-PQ Process,ARV,112-NG-T01,16-Jun-09,Air Charter,Adult,60,0.03,SCMS from RDC,N/A - From RDC,See DN-1244 (ID#:11048)
12533,DN-993,Generic,Zambia,01-Dec-08,01-Dec-08,200mg,Tablet,No,See DN-993 (ID#:11919),From RDC,"Nevirapine 200mg, tablets, 60 Tabs",0.92,138,469.2,PMO - US,Hetero Unit III Hyderabad IN,Nevirapine,3.4,N/A - From RDC,SO-16670,Pre-PQ Process,Pre-PQ Process,ARV,110-ZM-T01,01-Dec-08,Truck,Adult,60,0.06,SCMS from RDC,N/A - From RDC,See DN-993 (ID#:11919)
10580,DN-265,Generic,CÃte dIvoire,17-Aug-07,17-Aug-07,150mg,Tablet,Yes,2731.58,From RDC,"Lamivudine 150mg, tablets, 60 Tabs",15.3,3145,9560.8,PMO - US,"Aurobindo Unit III, India",Lamivudine,3.04,N/A - From RDC,SO-816,Pre-PQ Process,Pre-PQ Process,ARV,104-CI-T01,17-Aug-07,Air,Adult,60,0.05,SCMS from RDC,N/A - From RDC,206
11905,DN-1015,Generic,Zimbabwe,19-Nov-08,19-Nov-08,150/200/30mg,Tablet - FDC,No,See DN-1015 (ID#:11561),From RDC,"Lamivudine/Nevirapine/Stavudine 150/200/30mg, tablets, 60 Tabs",1102.3,76000,562400.0,PMO - US,"Cipla, Goa, India",Lamivudine/Nevirapine/Stavudine,7.4,N/A - From RDC,SO-13991,Pre-PQ Process,Pre-PQ Process,ARV,113-ZW-T01,19-Nov-08,Truck,Adult,60,0.12,SCMS from RDC,N/A - From RDC,See DN-1015 (ID#:11561)
11924,DN-1074,Generic,Rwanda,06-Feb-09,06-Feb-09,150mg,Tablet,Yes,5029.05,From RDC,"Lamivudine 150mg, tablets, 60 Tabs",50.36,10530,25693.2,PMO - US,"Aurobindo Unit III, India",Lamivudine,2.44,N/A - From RDC,SO-23000,Pre-PQ Process,Pre-PQ Process,ARV,107-RW-T01,06-Feb-09,Air,Adult,60,0.04,SCMS from RDC,N/A - From RDC,544
11033,DN-1180,Truvada,Tanzania,11-May-09,11-May-09,300/200mg,Tablet - FDC,Yes,5873,From RDC,"Emtricitabine/Tenofovir Disoproxil Fumarate 200/300mg [Truvada], tablets, 30 Tabs",1926.29,37440,982800.0,PMO - US,"Aspen-OSD, Port Elizabeth, SA",Emtricitabine/Tenofovir Disoproxil Fumarate,26.25,N/A - From RDC,SO-18740,Pre-PQ Process,Pre-PQ Process,ARV,109-TZ-T01,11-May-09,Truck,Adult,30,0.88,SCMS from RDC,N/A - From RDC,5712
6432,ASN-4284,Viread,South Africa,21-Apr-09,21-Apr-09,300mg,Tablet,Yes,Freight Included in Commodity Cost,Direct Drop,"Tenofovir Disoproxil Fumarate 300mg [Viread], tablets, 30 Tabs",27.09,650,13819.0,PMO - US,"Aspen-OSD, Port Elizabeth, SA",Tenofovir Disoproxil Fumarate,21.26,04-02-09,SCMS-47400,Pre-PQ Process,Pre-PQ Process,ARV,116-ZA-T01,21-Apr-09,Truck,Adult,30,0.71,S. BUYS WHOLESALER,DDP,Weight Captured Separately
10570,DN-190,Generic,Nigeria,26-Jun-07,26-Jun-07,40mg,Capsule,Yes,1283.24,From RDC,"Stavudine 40mg, capsules, 60 Caps",0.86,300,537.0,PMO - US,"Aurobindo Unit III, India",Stavudine,1.79,N/A - From RDC,SO-663,Pre-PQ Process,Pre-PQ Process,ARV,112-NG-T01,26-Jun-07,MIssing,Adult,60,0.03,SCMS from RDC,N/A - From RDC,54
11948,DN-975,Truvada,Zambia,25-Nov-08,25-Nov-08,300/200mg,Tablet - FDC,Yes,11519.94,From RDC,"Emtricitabine/Tenofovir Disoproxil Fumarate 200/300mg [Truvada], tablets, 30 Tabs",5145,100000,2625000.0,PMO - US,"Aspen-OSD, Port Elizabeth, SA",Emtricitabine/Tenofovir Disoproxil Fumarate,26.25,N/A - From RDC,SO-2543,Pre-PQ Process,Pre-PQ Process,ARV,110-ZM-T01,25-Nov-08,Truck,Adult,30,0.88,SCMS from RDC,N/A - From RDC,88190
11551,DN-695,Stocrin/Sustiva,Haiti,11-Apr-08,11-Apr-08,30mg/ml,Oral solution,Yes,896.55,From RDC,"Efavirenz 30mg/ml [Stocrin/Sustiva], oral solution, Bottle, 180 ml",0.92,34,576.64,PMO - US,"MSD, Haarlem, NL",Efavirenz,16.96,N/A - From RDC,SO-2072,Pre-PQ Process,Pre-PQ Process,ARV,106-HT-T01,11-Apr-08,Air,Pediatric,180,0.09,SCMS from RDC,N/A - From RDC,14
9085,ASN-4242,Bioline,CÃte dIvoire,01-Jul-09,01-Jul-09,MIssing,Test kit,Yes,2094.08,Direct Drop,"HIV 1/2, Bioline 3.0 Kit, Lancets, Capillary pipets, Alcohol swabs included, 25 Tests",19.6,500,10000.0,PMO - US,"Standard Diagnostics, Korea","HIV 1/2, Bioline 3.0 Kit, Lancets, Capillary pipets, Alcohol swabs included",20.0,04-02-09,SCMS-42600,Pre-PQ Process,Pre-PQ Process,HRDT,104-CI-T01,01-Jul-09,Air,HIV test,25,0.8,"Standard Diagnostics, Inc.",EXW,136
12146,DN-488,Generic,Zimbabwe,14-Jan-08,14-Jan-08,600mg,Tablet,No,See DN-488 (ID#:10652),From RDC,"Efavirenz 600mg, tablets, 30 Tabs",36.96,1860,23101.2,PMO - US,"Cipla, Goa, India",Efavirenz,12.42,N/A - From RDC,SO-710,Pre-PQ Process,Pre-PQ Process,ARV,100-ZW-T01,14-Jan-08,Air,Adult,30,0.41,SCMS from RDC,N/A - From RDC,See DN-488 (ID#:10652)
11536,DN-800,Generic,Nigeria,19-Jun-08,19-Jun-08,30mg,Capsule,No,See DN-800 (ID#:10953),From RDC,"Stavudine 30mg, capsules, 60 Caps",0.38,154,238.7,PMO - US,"Aurobindo Unit III, India",Stavudine,1.55,N/A - From RDC,SO-2726,Pre-PQ Process,Pre-PQ Process,ARV,112-NG-T01,19-Jun-08,Air,Adult,60,0.03,SCMS from RDC,N/A - From RDC,See DN-800 (ID#:10953)
4100,ASN-823,Stat-Pak,CÃte dIvoire,25-Oct-07,25-Oct-07,MIssing,Test kit,Yes,1711.86,Direct Drop,"HIV 1/2, Stat-Pak HIV, Kit, 20 Tests",10.8,250,6750.0,PMO - US,Chembio Diagnostics Sys. Inc.,"HIV 1/2, Stat-Pak HIV, Kit",27.0,9/18/07,SCMS-12370,Pre-PQ Process,Pre-PQ Process,HRDT,104-CI-T01,25-Oct-07,Air,HIV test,20,1.35,"CHEMBIO DIAGNOSTIC SYSTEMS, INC.",EXW,68
10841,DN-256,Determine,Angola,15-Oct-07,15-Oct-07,MIssing,Test kit,Yes,1012.59,From RDC,"HIV 1/2, Determine Complete HIV Kit, 100 Tests",19.2,150,12000.0,PMO - US,ABBVIE GmbH & Co.KG Wiesbaden,"HIV 1/2, Determine Complete HIV Kit",80.0,N/A - From RDC,SO-780,Pre-PQ Process,Pre-PQ Process,HRDT,120-AO-T01,15-Oct-07,Truck,HIV test,100,0.8,SCMS from RDC,N/A - From RDC,49
637,ASN-2563,Generic,Vietnam,08-Oct-08,08-Oct-08,30mg,Capsule,Yes,10179.16,Direct Drop,"Stavudine 30mg, capsules, 60 Caps",97.44,42000,60900.0,PMO - US,"Aurobindo Unit III, India",Stavudine,1.45,07-03-08,SCMS-26200,Pre-PQ Process,Pre-PQ Process,ARV,108-VN-T01,08-Oct-08,Air,Adult,60,0.02,Aurobindo Pharma Limited,EXW,2600
11379,DN-136,Bioline,Zambia,21-May-07,21-May-07,MIssing,Test kit,Yes,1250.72,From RDC,"HIV 1/2, Bioline 3.0 Kit, Lancets, Capillary pipets, Alcohol swabs included, 25 Tests",MIssing,452,9040.0,PMO - US,"Standard Diagnostics, Korea","HIV 1/2, Bioline 3.0 Kit, Lancets, Capillary pipets, Alcohol swabs included",20.0,N/A - From RDC,SO-536,Pre-PQ Process,Pre-PQ Process,HRDT,110-ZM-T01,21-May-07,Air,HIV test,25,0.8,SCMS from RDC,N/A - From RDC,Weight Captured Separately
11092,DN-30,Invirase,CÃte dIvoire,15-Mar-07,15-Mar-07,200mg,Capsule,No,See DN-30 (ID#:11091),From RDC,"Saquinavir 200mg [Invirase], capsules, 270 Caps",MIssing,482,37596.0,PMO - US,Roche Basel,Saquinavir,78.0,N/A - From RDC,SO-373,Pre-PQ Process,Pre-PQ Process,ARV,100-CI-T01,15-Mar-07,MIssing,Adult,270,0.29,SCMS from RDC,N/A - From RDC,See DN-30 (ID#:11091)
11418,DN-214,Aluvia,Mozambique,18-Jul-07,18-Jul-07,200/50mg,Tablet,Yes,1149.57,From RDC,"Lopinavir/Ritonavir 200/50mg [Aluvia], tablets, 120 Tabs",263.04,4000,164400.0,PMO - US,ABBVIE Ludwigshafen Germany,Lopinavir/Ritonavir,41.1,N/A - From RDC,SO-695,Pre-PQ Process,Pre-PQ Process,ARV,111-MZ-T01,18-Jul-07,Air,Adult,120,0.34,SCMS from RDC,N/A - From RDC,870
11610,DN-1147,Uni-Gold,Pakistan,01-Apr-09,01-Apr-09,MIssing,Test kit,Yes,1764.93,From RDC,"HIV 1/2, Uni-Gold HIV Kit, 20 Tests",1.06,15,540.0,PMO - US,"Trinity Biotech, Plc","HIV 1/2, Uni-Gold HIV Kit",36.0,N/A - From RDC,SO-22440,Pre-PQ Process,Pre-PQ Process,HRDT,100-PK-T01,01-Apr-09,Air,HIV test,20,1.8,SCMS from RDC,N/A - From RDC,16
12352,DN-193,Generic,CÃte dIvoire,28-Jun-07,28-Jun-07,300mg,Tablet,No,See DN-193 (ID#:11387),From RDC,"Abacavir 300mg, tablets, 60 Tabs",120.29,2100,75180.0,PMO - US,"Aurobindo Unit III, India",Abacavir,35.8,N/A - From RDC,SO-585,Pre-PQ Process,Pre-PQ Process,ARV,104-CI-T01,28-Jun-07,MIssing,Adult,60,0.6,SCMS from RDC,N/A - From RDC,See DN-193 (ID#:11387)
1804,ASN-2293,Viramune,South Africa,08-May-08,08-May-08,10mg/ml,Oral suspension,No,Freight Included in Commodity Cost,Direct Drop,"Nevirapine 10mg/ml [Viramune], oral suspension, Bottle, 240 ml",0.7,30,435.9,PMO - US,"BI, Ingelheim, Germany",Nevirapine,14.53,Date Not Captured,SCMS-23500,Pre-PQ Process,Pre-PQ Process,ARV,116-ZA-T01,20-Aug-08,Truck,Pediatric,240,0.06,S. BUYS WHOLESALER,DDP,Weight Captured Separately
11973,DN-1176,Crixivan,Mozambique,20-May-09,20-May-09,400mg,Capsule,Yes,1943.05,From RDC,"Indinavir 400mg [Crixivan], capsules, 180 Caps",60.37,616,30800.0,PMO - US,"MSD, Haarlem, NL",Indinavir,50.0,N/A - From RDC,SO-17530,Pre-PQ Process,Pre-PQ Process,ARV,111-MZ-T01,20-May-09,Air,Adult,180,0.28,SCMS from RDC,N/A - From RDC,227
11740,DN-237,Capillus,Tanzania,19-Jul-07,19-Jul-07,MIssing,Test kit,Yes,2102,From RDC,"HIV 1/2, Capillus HIV Kit, 100 Tests",66.72,300,41700.0,PMO - US,"Trinity Biotech, Plc","HIV 1/2, Capillus HIV Kit",139.0,N/A - From RDC,SO-757,Pre-PQ Process,Pre-PQ Process,HRDT,109-TZ-T01,19-Jul-07,MIssing,HIV test,100,1.39,SCMS from RDC,N/A - From RDC,176
465,ASN-2011,Generic,Nigeria,04-Jul-08,04-Jul-08,MIssing,Test kit - Ancillary,Yes,Invoiced Separately,Direct Drop,"HIV, Lancet, Safety, for HIV Test kits, 100 Pcs",0.09,5498,54.98,PMO - US,Inverness Japan,"HIV, Lancet, Safety, for HIV Test kits, 100 Pcs",0.01,Date Not Captured,SCMS-21540,Pre-PQ Process,Pre-PQ Process,HRDT,102-NG-T01,09-Jul-08,Air,HIV test - Ancillary,100,0.0,"Orgenics, Ltd",EXW,Weight Captured Separately
9269,ASN-78,Generic,Guyana,08-Nov-06,08-Nov-06,300mg,Tablet,Yes,1020.6,Direct Drop,"Zidovudine 300mg, tablets, 60 Tabs",MIssing,245,2707.25,PMO - US,"Aurobindo Unit III, India",Zidovudine,11.05,Date Not Captured,SCMS-123,Pre-PQ Process,Pre-PQ Process,ARV,105-GY-T01,08-Nov-06,Air,Adult,60,0.18,Aurobindo Pharma Limited,EXW,13
11089,DN-17,Generic,Mozambique,09-Jan-07,09-Jan-07,150/300+300mg,Tablet - FDC + co-blister,No,See DN-17 (ID#:10541),From RDC,"Lamivudine/Zidovudine+Abacavir 150/300+300mg, tablets, co-blister, 60+60 Tabs",MIssing,1217,69429.85,PMO - US,"Aurobindo Unit III, India",Lamivudine/Zidovudine+Abacavir,57.05,N/A - From RDC,SO-324,Pre-PQ Process,Pre-PQ Process,ARV,111-MZ-T01,09-Jan-07,Air,Adult,120,0.48,SCMS from RDC,N/A - From RDC,See DN-17 (ID#:10541)
12206,DN-651,Uni-Gold,Namibia,11-Mar-08,11-Mar-08,MIssing,Test kit,Yes,6148.1,From RDC,"HIV 1/2, Uni-Gold HIV Kit, 20 Tests",39.07,763,24416.0,PMO - US,"Trinity Biotech, Plc","HIV 1/2, Uni-Gold HIV Kit",32.0,N/A - From RDC,SO-1930,Pre-PQ Process,Pre-PQ Process,HRDT,119-NA-T01,11-Mar-08,Air,HIV test,20,1.6,SCMS from RDC,N/A - From RDC,441
10734,DN-890,Generic,Tanzania,15-Sep-08,15-Sep-08,600mg,Tablet,Yes,1188.97,From RDC,"Efavirenz 600mg, tablets, 30 Tabs",96.08,5000,60050.0,PMO - US,Mylan (formerly Matrix) Nashik,Efavirenz,12.01,N/A - From RDC,SO-11821,Pre-PQ Process,Pre-PQ Process,ARV,109-TZ-T01,15-Sep-08,Air,Adult,30,0.4,SCMS from RDC,N/A - From RDC,379
10356,ASN-3758,Zerit,South Africa,11-Feb-09,11-Feb-09,20mg,Capsule,No,Freight Included in Commodity Cost,Direct Drop,"Stavudine 20mg [Zerit], capsules, 60 Caps",2.38,300,1212.0,PMO - US,"BMS Meymac, France",Stavudine,4.04,Date Not Captured,SCMS-41230,Pre-PQ Process,Pre-PQ Process,ARV,116-ZA-T01,01-Apr-09,Air,Adult,60,0.07,S. BUYS WHOLESALER,DDP,Weight Captured Separately
4257,ASN-1520,Viramune,South Africa,04-Jan-08,04-Jan-08,200mg,Tablet,No,Freight Included in Commodity Cost,Direct Drop,"Nevirapine 200mg [Viramune], tablets, 60 Tabs",3.71,100,2318.0,PMO - US,"BI, Ingelheim, Germany",Nevirapine,23.18,01-04-08,SCMS-16600,Pre-PQ Process,Pre-PQ Process,ARV,116-ZA-T01,21-Jan-08,MIssing,Adult,60,0.39,"JSI R&T INSTITUTE, INC.",DDP,Weight Captured Separately
13064,ASN-32122,Generic,South Africa,12-May-15,12-May-15,300mg,Tablet,Yes,Freight Included in Commodity Cost,Direct Drop,"Abacavir 300mg, tablets, 60 Tabs",1.28,25,1246.3,PMO - US,"Aurobindo Unit III, India",Abacavir,49.85,05-11-15,SCMS-259075,FPQ-14942,09-11-14,ARV,116-ZA-T30,12-May-15,Truck,Adult,60,0.83,PHARMACY DIRECT,DDP,Weight Captured Separately
12454,DN-601,Generic,Mozambique,05-Apr-08,05-Apr-08,150/300/200mg,Tablet - FDC,No,See DN-601 (ID#:10651),From RDC,"Lamivudine/Nevirapine/Zidovudine 150/200/300mg, tablets, 60 Tabs",922.32,42700,576450.0,PMO - US,"Aurobindo Unit III, India",Lamivudine/Nevirapine/Zidovudine,13.5,N/A - From RDC,SO-1039,Pre-PQ Process,Pre-PQ Process,ARV,111-MZ-T01,08-Apr-08,Air,Adult,60,0.22,SCMS from RDC,N/A - From RDC,See DN-601 (ID#:10651)
12715,DN-349,Invirase,CÃte dIvoire,12-Sep-07,12-Sep-07,200mg,Capsule,No,See DN-349 (ID#:10885),From RDC,"Saquinavir 200mg [Invirase], capsules, 270 Caps",0.88,7,550.48,PMO - US,Roche Basel,Saquinavir,78.64,N/A - From RDC,SO-999,Pre-PQ Process,Pre-PQ Process,ARV,104-CI-T01,12-Sep-07,MIssing,Adult,270,0.29,SCMS from RDC,N/A - From RDC,See DN-349 (ID#:10885)
8407,ASN-1786,Determine,Nigeria,28-May-08,28-May-08,MIssing,Test kit,Yes,3748.24,Direct Drop,"HIV 1/2, Determine HIV Kit, without Lancets, 100 Tests",144.62,1130,90388.7,PMO - US,Inverness Japan,"HIV 1/2, Determine HIV Kit, without Lancets",79.99,Date Not Captured,SCMS-21580,Pre-PQ Process,Pre-PQ Process,HRDT,102-NG-T01,28-May-08,Air,HIV test,100,0.8,"Orgenics, Ltd",EXW,258
13020,ASN-13448,Generic,Haiti,30-Jan-12,30-Jan-12,MIssing,Test kit,Yes,969.55,Direct Drop,"Malaria Antigen P.f Kit, 30 x 1 Test",0.07,3,49.5,PMO - US,Premier Medical Corporation,"Malaria Antigen P.f Kit, 30 x 1 Test",16.5,12/29/11,SCMS-131040,FPQ-8671,11-09-11,MRDT,122-HT-T30,30-Jan-12,Air,Malaria,30,0.55,Premier Medical Corporation Ltd.,EXW,1
9351,ASN-787,Bioline,Tanzania,22-Nov-07,22-Nov-07,MIssing,Test kit,Yes,29470,Direct Drop,"HIV 1/2, Bioline 3.0 Kit, Lancets, Capillary pipets, Alcohol swabs included, 25 Tests",320,10000,200000.0,PMO - US,"Standard Diagnostics, Korea","HIV 1/2, Bioline 3.0 Kit, Lancets, Capillary pipets, Alcohol swabs included",20.0,Date Not Captured,SCMS-10280,Pre-PQ Process,Pre-PQ Process,HRDT,109-TZ-T01,22-Nov-07,Air,HIV test,25,0.8,"Standard Diagnostics, Inc.",EXW,3345
12138,DN-521,Generic,Ethiopia,20-Dec-07,20-Dec-07,150/300mg,Tablet - FDC,Yes,892,From RDC,"Lamivudine/Zidovudine 150/300mg, tablets, 60 Tabs",27.31,1797,17071.5,PMO - US,"Aurobindo Unit III, India",Lamivudine/Zidovudine,9.5,N/A - From RDC,SO-1524,Pre-PQ Process,Pre-PQ Process,ARV,117-ET-T01,20-Dec-07,Air,Adult,60,0.16,SCMS from RDC,N/A - From RDC,170
13027,ASN-26923,Generic,Vietnam,29-Jul-14,06-Aug-14,600mg,Tablet,Yes,5616.02,Direct Drop,"Efavirenz 600mg, tablets, 30 Tabs",19.07,5300,18550.0,PMO - US,Hetero Unit III Hyderabad IN,Efavirenz,3.5,03-10-14,SCMS-226220,FPQ-13524,02-06-14,ARV,108-VN-T30,29-Jul-14,Air,Adult,30,0.12,HETERO LABS LIMITED,EXW,2922
12211,DN-1145,Generic,Haiti,31-Mar-09,31-Mar-09,50mg,Capsule,Yes,1608.72,From RDC,"Efavirenz 50mg, capsule, 30 Caps",6.35,1446,3239.04,PMO - US,"Aurobindo Unit III, India",Efavirenz,2.24,N/A - From RDC,SO-23751,Pre-PQ Process,Pre-PQ Process,ARV,106-HT-T01,31-Mar-09,Air,Pediatric,30,0.07,SCMS from RDC,N/A - From RDC,83
10766,DN-1232,Generic,Uganda,01-Jun-09,01-Jun-09,150/300mg,Tablet - FDC,Yes,1375.36,From RDC,"Lamivudine/Zidovudine 150/300mg, tablets, 60 Tabs",61.36,3574,31308.24,PMO - US,Mylan (formerly Matrix) Nashik,Lamivudine/Zidovudine,8.76,N/A - From RDC,SO-30100,Pre-PQ Process,Pre-PQ Process,ARV,114-UG-T01,01-Jun-09,Air,Adult,60,0.15,SCMS from RDC,N/A - From RDC,14
7477,ASN-3553,Videx,South Africa,09-Oct-08,09-Oct-08,25mg,Chewable/dispersible tablet,No,Freight Included in Commodity Cost,Direct Drop,"Didanosine 25mg [Videx], chewable tablets, 60 Tabs",0.24,10,123.1,PMO - US,"BMS Meymac, France",Didanosine,12.31,Date Not Captured,SCMS-33320,Pre-PQ Process,Pre-PQ Process,ARV,116-ZA-T01,17-May-09,Truck,Pediatric,60,0.21,S. BUYS WHOLESALER,DDP,Weight Captured Separately
4534,ASN-2797,Uni-Gold,Zambia,18-Nov-08,18-Nov-08,MIssing,Test kit,Yes,19569.48,Direct Drop,"HIV 1/2, Uni-Gold HIV Kit, 20 Tests",370.05,5900,188800.0,PMO - US,"Trinity Biotech, Plc","HIV 1/2, Uni-Gold HIV Kit",32.0,6/20/08,SCMS-25700,Pre-PQ Process,Pre-PQ Process,HRDT,110-ZM-T01,18-Nov-08,Air,HIV test,20,1.6,"Trinity Biotech, Plc",EXW,1989
961,ASN-3562,Generic,Vietnam,10-Apr-09,10-Apr-09,150mg,Tablet,No,See ASN-3562 (ID#:960),Direct Drop,"Lamivudine 150mg, tablets, 60 Tabs",98.78,21000,50400.0,PMO - US,"Aurobindo Unit III, India",Lamivudine,2.4,1/16/09,SCMS-37170,Pre-PQ Process,Pre-PQ Process,ARV,108-VN-T01,10-Apr-09,Air,Adult,60,0.04,Aurobindo Pharma Limited,EXW,See ASN-3562 (ID#:960)
11299,DN-944,Generic,Haiti,04-Nov-08,04-Nov-08,10mg/ml,Oral solution,No,See DN-944 (ID#:11012),From RDC,"Lamivudine 10mg/ml, oral solution, Bottle, 240 ml",53.64,14405,27369.5,PMO - US,"Aurobindo Unit III, India",Lamivudine,1.9,N/A - From RDC,SO-15930,Pre-PQ Process,Pre-PQ Process,ARV,106-HT-T01,04-Nov-08,Air,Pediatric,240,0.01,SCMS from RDC,N/A - From RDC,See DN-944 (ID#:11012)
11557,DN-728,Aluvia,Guyana,20-May-08,20-May-08,200/50mg,Tablet,Yes,4220.15,From RDC,"Lopinavir/Ritonavir 200/50mg [Aluvia], tablets, 120 Tabs",201.23,1530,125766.0,PMO - US,ABBVIE Ludwigshafen Germany,Lopinavir/Ritonavir,82.2,N/A - From RDC,SO-2465,Pre-PQ Process,Pre-PQ Process,ARV,105-GY-T01,20-May-08,Air,Adult,120,0.68,SCMS from RDC,N/A - From RDC,347
11606,DN-899,Generic,Tanzania,26-Sep-08,26-Sep-08,600mg,Tablet,Yes,8399.76,From RDC,"Efavirenz 600mg, tablets, 30 Tabs",2532.82,131808,1583014.08,PMO - US,Mylan (formerly Matrix) Nashik,Efavirenz,12.01,N/A - From RDC,SO-2563,Pre-PQ Process,Pre-PQ Process,ARV,109-TZ-T01,26-Sep-08,Air,Adult,30,0.4,SCMS from RDC,N/A - From RDC,9996
12771,DN-534,Generic,Uganda,15-Feb-08,15-Feb-08,150/200/30mg,Tablet - FDC,Yes,3609.2,From RDC,"Lamivudine/Nevirapine/Stavudine 150/200/30mg, tablets, 60 Tabs",76.96,6500,48100.0,PMO - US,"Cipla, Goa, India",Lamivudine/Nevirapine/Stavudine,7.4,N/A - From RDC,SO-1299,Pre-PQ Process,Pre-PQ Process,ARV,114-UG-T01,15-Feb-08,Air,Adult,60,0.12,SCMS from RDC,N/A - From RDC,667
11386,DN-80,Generic,CÃte dIvoire,30-Apr-07,30-Apr-07,150/200/30mg,Tablet - FDC,Yes,3166,From RDC,"Lamivudine/Nevirapine/Stavudine 150/200/30mg, tablets, 60 Tabs",MIssing,9000,67500.0,PMO - US,"Cipla, Goa, India",Lamivudine/Nevirapine/Stavudine,7.5,N/A - From RDC,SO-438,Pre-PQ Process,Pre-PQ Process,ARV,100-CI-T01,30-Apr-07,MIssing,Adult,60,0.12,SCMS from RDC,N/A - From RDC,974
11435,DN-320,Crixivan,CÃte dIvoire,30-Aug-07,30-Aug-07,400mg,Capsule,No,See DN-320 (ID#:10593),From RDC,"Indinavir 400mg [Crixivan], capsules, 180 Caps",627.12,7839,391950.0,PMO - US,MSD Elkton USA,Indinavir,50.0,N/A - From RDC,SO-959,Pre-PQ Process,Pre-PQ Process,ARV,104-CI-T01,30-Aug-07,MIssing,Adult,180,0.28,SCMS from RDC,N/A - From RDC,See DN-320 (ID#:10593)
12502,DN-637,Generic,Tanzania,28-Mar-08,28-Mar-08,150/300mg,Tablet - FDC,No,See DN-637 (ID#:12195),From RDC,"Lamivudine/Zidovudine 150/300mg, tablets, 60 Tabs",738.87,48610,461795.0,PMO - US,"Aurobindo Unit III, India",Lamivudine/Zidovudine,9.5,N/A - From RDC,SO-1652,Pre-PQ Process,Pre-PQ Process,ARV,109-TZ-T01,28-Mar-08,Air,Adult,60,0.16,SCMS from RDC,N/A - From RDC,See DN-637 (ID#:12195)
2601,ASN-4837,Videx EC,South Africa,03-Aug-09,03-Aug-09,400mg,Delayed-release capsules - blister,Yes,Freight Included in Commodity Cost,Direct Drop,"Didanosine EC 400mg [Videx EC], delayed-release capsules, Blister 3 x 10 Caps",0.86,20,438.0,PMO - US,"BMS Meymac, France",Didanosine EC,21.9,06-05-09,SCMS-47051,Pre-PQ Process,Pre-PQ Process,ARV,116-ZA-T01,12-Oct-09,Truck,Adult,30,0.73,S. BUYS WHOLESALER,DDP,Weight Captured Separately
11501,DN-490,Clearview,Namibia,06-Dec-07,06-Dec-07,MIssing,Test kit,Yes,1542.15,From RDC,"HIV 1/2, Clearview Complete Kit, 25 Tests",8.4,70,5250.0,PMO - US,Inverness USA,"HIV 1/2, Clearview Complete Kit",75.0,N/A - From RDC,SO-1451,Pre-PQ Process,Pre-PQ Process,HRDT,119-NA-T01,06-Dec-07,Air,HIV test,25,3.0,SCMS from RDC,N/A - From RDC,43
5353,ASN-620,Determine,Guyana,21-Aug-07,21-Aug-07,MIssing,Test kit,Yes,1398.6,Direct Drop,"HIV 1/2, Determine HIV Kit, without Lancets, 100 Tests",34.56,300,21597.0,PMO - US,Inverness Japan,"HIV 1/2, Determine HIV Kit, without Lancets",71.99,7/25/07,SCMS-767,Pre-PQ Process,Pre-PQ Process,HRDT,102-GY-T01,09-Aug-07,Air,HIV test,100,0.72,"Orgenics, Ltd",EXW,69
10744,DN-916,Truvada,Nigeria,19-Sep-08,19-Sep-08,300/200mg,Tablet - FDC,Yes,462.5,From RDC,"Emtricitabine/Tenofovir Disoproxil Fumarate 200/300mg [Truvada], tablets, 30 Tabs",0.17,4,105.0,PMO - US,"Aspen-OSD, Port Elizabeth, SA",Emtricitabine/Tenofovir Disoproxil Fumarate,26.25,N/A - From RDC,SO-12790,Pre-PQ Process,Pre-PQ Process,ARV,112-NG-T01,19-Sep-08,Air,Adult,30,0.88,SCMS from RDC,N/A - From RDC,1
4804,ASN-3229,Uni-Gold,Tanzania,02-Mar-09,02-Mar-09,MIssing,Test kit,Yes,4810.99,Direct Drop,"HIV 1/2, Uni-Gold HIV Kit, 20 Tests",105.24,1678,53696.0,PMO - US,"Trinity Biotech, Plc","HIV 1/2, Uni-Gold HIV Kit",32.0,11/14/08,SCMS-33690,Pre-PQ Process,Pre-PQ Process,HRDT,109-TZ-T01,02-Mar-09,Air,HIV test,20,1.6,"Trinity Biotech, Plc",EXW,554
11937,DN-944,Generic,Haiti,04-Nov-08,04-Nov-08,20mg/ml,Oral solution,No,See DN-944 (ID#:11012),From RDC,"Abacavir 20mg/ml, oral solution, Bottle, 240 ml",11.08,350,5652.5,PMO - US,"Aurobindo Unit III, India",Abacavir,16.15,N/A - From RDC,SO-15930,Pre-PQ Process,Pre-PQ Process,ARV,106-HT-T01,04-Nov-08,Air,Pediatric,240,0.07,SCMS from RDC,N/A - From RDC,See DN-944 (ID#:11012)
12798,DN-801,Viread,Nigeria,30-Jun-08,30-Jun-08,300mg,Tablet,Yes,213.75,From RDC,"Tenofovir Disoproxil Fumarate 300mg [Viread], tablets, 30 Tabs",1.31,48,816.0,PMO - US,"Aspen-OSD, Port Elizabeth, SA",Tenofovir Disoproxil Fumarate,17.0,N/A - From RDC,SO-2356,Pre-PQ Process,Pre-PQ Process,ARV,112-NG-T01,30-Jun-08,Air,Adult,30,0.57,SCMS from RDC,N/A - From RDC,4
9024,ASN-3779,Generic,South Africa,03-Apr-09,03-Apr-09,30mg,Capsule,Yes,Freight Included in Commodity Cost,Direct Drop,"Stavudine 30mg, capsules, 60 Caps",124.11,25637,63323.39,PMO - US,"Aurobindo Unit III, India",Stavudine,2.47,Date Not Captured,SCMS-40840,Pre-PQ Process,Pre-PQ Process,ARV,116-ZA-T01,03-Apr-09,Air,Adult,60,0.04,S. BUYS WHOLESALER,DDP,Weight Captured Separately
