id,asn_dn,brand,country,delivered_to_client_date,delivery_recorded_date,dosage,dosage_form,first_line_designation,freight_cost,fulfill_via,item_description,line_item_insurance,line_item_quantity,line_item_value,managed_by,manufacturing_site,molecule_test_type,pack_price,po_sent_to_vendor_date,po_so,pq,pq_first_sent_to_client_date,product_group,project_code,scheduled_delivery_date,shipment_mode,sub_classification,unit_of_measure,unit_price,vendor,vendor_inco_term,weight
10704,DN-775,Generic,Haiti,27-Jun-08,27-Jun-08,300mg,Tablet,Yes,2944.21,From RDC,"Zidovudine 300mg, tablets, 60 Tabs",41.08,3150,25672.5,PMO - US,"Aurobindo Unit III, India",Zidovudine,8.15,N/A - From RDC,SO-2600,Pre-PQ Process,Pre-PQ Process,ARV,106-HT-T01,27-Jun-08,Air,Adult,60,0.14,SCMS from RDC,N/A - From RDC,181
9187,ASN-4487,Videx,Vietnam,23-Jul-09,23-Jul-09,25mg,Chewable/dispersible tablet,No,Freight Included in Commodity Cost,Direct Drop,"Didanosine 25mg [Videx], chewable tablets, 60 Tabs",1.1,80,560.0,PMO - US,"BMS Meymac, France",Didanosine,7.0,5/27/09,SCMS-46540,Pre-PQ Process,Pre-PQ Process,ARV,108-VN-T01,23-Jul-09,Air,Pediatric,60,0.12,BRISTOL-MYERS SQUIBB,CIP,Weight Captured Separately
11780,DN-324,Generic,CÃte dIvoire,31-Aug-07,31-Aug-07,10mg/ml,Oral suspension,No,See DN-324 (ID#:10610),From RDC,"Nevirapine 10mg/ml, oral suspension, Bottle, 240 ml",9.03,2938,5640.96,PMO - US,"Aurobindo Unit III, India",Nevirapine,1.92,N/A - From RDC,SO-997,Pre-PQ Process,Pre-PQ Process,ARV,104-CI-T01,31-Aug-07,MIssing,Pediatric,240,0.01,SCMS from RDC,N/A - From RDC,See DN-324 (ID#:10610)
11146,DN-238,Capillus,Rwanda,16-Jul-07,16-Jul-07,MIssing,Test kit,Yes,1676.91,From RDC,"HIV 1/2, Capillus HIV Kit, 100 Tests",33.36,150,20850.0,PMO - US,"Trinity Biotech, Plc","HIV 1/2, Capillus HIV Kit",139.0,N/A - From RDC,SO-756,Pre-PQ Process,Pre-PQ Process,HRDT,107-RW-T01,16-Jul-07,Air,HIV test,100,1.39,SCMS from RDC,N/A - From RDC,130
10680,DN-830,Bioline,Kenya,30-May-08,30-May-08,MIssing,Test kit,Yes,417.42,From RDC,"HIV, Bioline HIV 1/2 3.0 Kit, [DON] 25 Tests",0.02,997,9.97,PMO - US,"Standard Diagnostics, Korea","HIV, Bioline HIV 1/2 3.0 Kit",0.01,N/A - From RDC,SO-1720,Pre-PQ Process,Pre-PQ Process,HRDT,102-KE-T01,30-May-08,Truck,HIV test,25,0.0,SCMS from RDC,N/A - From RDC,399
8263,ASN-2267,Stat-Pak,Nigeria,20-Aug-08,20-Aug-08,MIssing,Test kit,Yes,12768.47,Direct Drop,"HIV 1/2, Stat-Pak HIV, Kit, 20 Tests",281.66,6520,176040.0,PMO - US,Chembio Diagnostics Sys. Inc.,"HIV 1/2, Stat-Pak HIV, Kit",27.0,1/29/08,SCMS-16890,Pre-PQ Process,Pre-PQ Process,HRDT,102-NG-T01,19-Sep-08,Air,HIV test,20,1.35,"CHEMBIO DIAGNOSTIC SYSTEMS, INC.",EXW,2224
11681,DN-1407,Generic,Zambia,19-Oct-09,19-Oct-09,200mg,Tablet,Yes,16339.98,From RDC,"Nevirapine 200mg, tablets, 60 Tabs",495.58,84282,252846.0,PMO - US,"Aurobindo Unit III, India",Nevirapine,3.0,N/A - From RDC,SO-29030,Pre-PQ Process,Date Not Captured,ARV,110-ZM-T01,19-Oct-09,Truck,Adult,60,0.05,SCMS from RDC,N/A - From RDC,13680
11209,DN-475,Generic,Nigeria,03-Dec-07,03-Dec-07,10mg/ml,Oral suspension,No,See DN-475 (ID#:10642),From RDC,"Nevirapine 10mg/ml, oral suspension, Bottle, 240 ml",9.57,965,5983.0,PMO - US,"Aurobindo Unit III, India",Nevirapine,6.2,N/A - From RDC,SO-567,Pre-PQ Process,Pre-PQ Process,ARV,112-NG-T01,03-Dec-07,Air,Pediatric,240,0.03,SCMS from RDC,N/A - From RDC,See DN-475 (ID#:10642)
12507,DN-632,Determine,CÃte dIvoire,13-Mar-08,13-Mar-08,MIssing,Test kit,No,See DN-632 (ID#:11547),From RDC,"HIV 1/2, Determine HIV Kit, without Lancets, 100 Tests",28.8,250,17997.5,PMO - US,Inverness Japan,"HIV 1/2, Determine HIV Kit, without Lancets",71.99,N/A - From RDC,SO-1838,Pre-PQ Process,Pre-PQ Process,HRDT,104-CI-T01,13-Mar-08,Air,HIV test,100,0.72,SCMS from RDC,N/A - From RDC,See DN-632 (ID#:11547)
12127,DN-442,Generic,CÃte dIvoire,22-Nov-07,22-Nov-07,300mg,Tablet,No,See DN-442 (ID#:11202),From RDC,"Abacavir 300mg, tablets, 60 Tabs",365.12,3260,228200.0,PMO - US,"Aurobindo Unit III, India",Abacavir,70.0,N/A - From RDC,SO-1103,Pre-PQ Process,Pre-PQ Process,ARV,104-CI-T01,22-Nov-07,Air,Adult,60,1.17,SCMS from RDC,N/A - From RDC,See DN-442 (ID#:11202)
10981,DN-817,Generic,Mozambique,07-Aug-08,07-Aug-08,150/200/30mg,Tablet - FDC,Yes,9161.95,From RDC,"Lamivudine/Nevirapine/Stavudine 150/200/30mg, tablets, 60 Tabs",448.99,38975,280620.0,PMO - US,"Strides, Bangalore, India.",Lamivudine/Nevirapine/Stavudine,7.2,N/A - From RDC,SO-1882,Pre-PQ Process,Pre-PQ Process,ARV,111-MZ-T01,07-Aug-08,Air,Adult,60,0.12,SCMS from RDC,N/A - From RDC,13123
11586,DN-953,Generic,Namibia,30-Oct-08,30-Oct-08,60/100/12mg,Chewable/dispersible tablet - FDC,No,See DN-953 (ID#:11585),From RDC,"Lamivudine/Nevirapine/Stavudine 60/100/12mg, dispersible tablets, 60 Tabs",32.03,3600,16344.0,PMO - US,"Cipla, Goa, India",Lamivudine/Nevirapine/Stavudine,4.54,N/A - From RDC,SO-15510,Pre-PQ Process,Pre-PQ Process,ARV,119-NA-T01,30-Oct-08,Truck,Pediatric,60,0.08,SCMS from RDC,N/A - From RDC,See DN-953 (ID#:11585)
11010,DN-1152,Generic,CÃte dIvoire,30-Apr-09,30-Apr-09,150/300mg,Tablet - FDC,Yes,9021.82,From RDC,"Lamivudine/Zidovudine 150/300mg, tablets, 60 Tabs",403.9,23524,206070.24,PMO - US,"Aurobindo Unit III, India",Lamivudine/Zidovudine,8.76,N/A - From RDC,SO-21880,Pre-PQ Process,Pre-PQ Process,ARV,104-CI-T01,30-Apr-09,Air,Adult,60,0.15,SCMS from RDC,N/A - From RDC,3155
10889,DN-381,Generic,Uganda,05-Nov-07,05-Nov-07,600mg,Tablet,Yes,1157.58,From RDC,"Efavirenz 600mg, tablets, 30 Tabs",34.12,1717,21325.14,PMO - US,"Aurobindo Unit III, India",Efavirenz,12.42,N/A - From RDC,SO-1123,Pre-PQ Process,Pre-PQ Process,ARV,114-UG-T01,05-Nov-07,Air,Adult,30,0.41,SCMS from RDC,N/A - From RDC,151
10637,DN-459,Generic,Ethiopia,26-Nov-07,26-Nov-07,1mg/ml,Oral solution,Yes,8004,From RDC,"Stavudine 1mg/ml, powder for oral solution, 200 ml",16.34,7294,10211.6,PMO - US,"Aurobindo Unit III, India",Stavudine,1.4,N/A - From RDC,SO-1342,Pre-PQ Process,Pre-PQ Process,ARV,117-ET-T01,26-Nov-07,Air,Pediatric,200,0.01,SCMS from RDC,N/A - From RDC,753
12597,DN-1309,Generic,Haiti,24-Jun-09,24-Jun-09,150/300mg,Tablet - FDC,Yes,26714.63,From RDC,"Lamivudine/Zidovudine 150/300mg, tablets, 60 Tabs",443.39,25824,226218.24,PMO - US,"Aurobindo Unit III, India",Lamivudine/Zidovudine,8.76,N/A - From RDC,SO-30170,Pre-PQ Process,Pre-PQ Process,ARV,106-HT-T01,24-Jun-09,Air,Adult,60,0.15,SCMS from RDC,N/A - From RDC,2359
11239,DN-800,Aluvia,Nigeria,19-Jun-08,19-Jun-08,200/50mg,Tablet,No,See DN-800 (ID#:10953),From RDC,"Lopinavir/Ritonavir 200/50mg [Aluvia], tablets, 120 Tabs",5.52,84,3452.4,PMO - US,ABBVIE Ludwigshafen Germany,Lopinavir/Ritonavir,41.1,N/A - From RDC,SO-2726,Pre-PQ Process,Pre-PQ Process,ARV,112-NG-T01,19-Jun-08,Air,Adult,120,0.34,SCMS from RDC,N/A - From RDC,See DN-800 (ID#:10953)
11005,DN-1100,Stocrin/Sustiva,Haiti,03-Mar-09,03-Mar-09,30mg/ml,Oral solution,Yes,23866.2,From RDC,"Efavirenz 30mg/ml [Stocrin/Sustiva], oral solution, Bottle, 180 ml",10.8,325,5512.0,PMO - US,"MSD, Haarlem, NL",Efavirenz,16.96,N/A - From RDC,SO-23750,Pre-PQ Process,Pre-PQ Process,ARV,106-HT-T01,03-Mar-09,Air,Pediatric,180,0.09,SCMS from RDC,N/A - From RDC,2085
3,ASN-85,Generic,Vietnam,14-Nov-06,14-Nov-06,10mg/ml,Oral suspension,Yes,4521.5,Direct Drop,"Nevirapine 10mg/ml, oral suspension, Bottle, 240 ml",MIssing,1000,6200.0,PMO - US,"Aurobindo Unit III, India",Nevirapine,6.2,Date Not Captured,SCMS-13,Pre-PQ Process,Pre-PQ Process,ARV,108-VN-T01,14-Nov-06,Air,Pediatric,240,0.03,Aurobindo Pharma Limited,EXW,358
2562,ASN-4046,Genie,CÃte dIvoire,09-Jun-09,09-Jun-09,MIssing,Test kit,Yes,4318.21,Direct Drop,"#108853** HIV, Genie II HIV-1/HIV-2 Kit, 40 Tests",30.18,140,15400.0,PMO - US,Bio-Rad Laboratories,"HIV, Genie II HIV-1/HIV-2 Kit",110.0,4/29/09,SCMS-45110,Pre-PQ Process,Pre-PQ Process,HRDT,104-CI-T01,09-Jun-09,Air,HIV test,40,2.75,BIO-RAD LABORATORIES (FRANCE),EXW,158
12396,DN-304,Generic,Mozambique,21-Sep-07,21-Sep-07,10mg/ml,Oral solution,No,See DN-304 (ID#:10589),From RDC,"Zidovudine 10mg/ml, oral solution, Bottle, 240 ml",13.81,2185,8630.75,PMO - US,"Aurobindo Unit III, India",Zidovudine,3.95,N/A - From RDC,SO-298,Pre-PQ Process,Pre-PQ Process,ARV,111-MZ-T01,21-Sep-07,Air,Pediatric,240,0.02,SCMS from RDC,N/A - From RDC,See DN-304 (ID#:10589)
10892,DN-399,Trizivir,Mozambique,22-Nov-07,22-Nov-07,300/150/300mg,Tablet - FDC,Yes,549.44,From RDC,"Abacavir/Lamivudine/Zidovudine 300/150/300mg [Trizivir], tablets, 60 Tabs",91.95,821,57470.0,PMO - US,GSK Ware (UK),Abacavir/Lamivudine/Zidovudine,70.0,N/A - From RDC,SO-821,Pre-PQ Process,Pre-PQ Process,ARV,111-MZ-T01,22-Nov-07,Air,Adult,60,1.17,SCMS from RDC,N/A - From RDC,186
12192,DN-718,Generic,Nigeria,21-Apr-08,21-Apr-08,1mg/ml,Oral solution,No,See DN-718 (ID#:10968),From RDC,"Stavudine 1mg/ml, powder for oral solution, 200 ml",0.12,55,77.0,PMO - US,"Aurobindo Unit III, India",Stavudine,1.4,N/A - From RDC,SO-2350,Pre-PQ Process,Pre-PQ Process,ARV,112-NG-T01,21-Apr-08,Air,Pediatric,200,0.01,SCMS from RDC,N/A - From RDC,See DN-718 (ID#:10968)
11959,DN-933,Generic,Mozambique,14-Nov-08,14-Nov-08,600mg,Tablet,No,See DN-933 (ID#:10755),From RDC,"Efavirenz 600mg, tablets, 30 Tabs",88,5000,55000.0,PMO - US,"Aurobindo Unit III, India",Efavirenz,11.0,N/A - From RDC,SO-15090,Pre-PQ Process,Pre-PQ Process,ARV,111-MZ-T01,14-Nov-08,Air,Adult,30,0.37,SCMS from RDC,N/A - From RDC,See DN-933 (ID#:10755)
12407,DN-367,Generic,Zambia,28-Sep-07,28-Sep-07,150/200/30mg,Tablet - FDC,Yes,7927.55,From RDC,"Lamivudine/Nevirapine/Stavudine 150/200/30mg, tablets, 60 Tabs",200.97,16974,125607.6,PMO - US,"Cipla, Goa, India",Lamivudine/Nevirapine/Stavudine,7.4,N/A - From RDC,SO-1077,Pre-PQ Process,Pre-PQ Process,ARV,110-ZM-T01,28-Sep-07,MIssing,Adult,60,0.12,SCMS from RDC,N/A - From RDC,1732
12151,DN-614,Generic,Haiti,21-Feb-08,21-Feb-08,1mg/ml,Oral solution,No,See DN-614 (ID#:11219),From RDC,"Stavudine 1mg/ml, powder for oral solution, 200 ml",0.67,300,420.0,PMO - US,"Aurobindo Unit III, India",Stavudine,1.4,N/A - From RDC,SO-1287,Pre-PQ Process,Pre-PQ Process,ARV,106-HT-T01,04-Mar-08,Air,Pediatric,200,0.01,SCMS from RDC,N/A - From RDC,See DN-614 (ID#:11219)
12796,DN-779,Generic,Zambia,19-Jun-08,19-Jun-08,150/30mg,Tablet - FDC,Yes,30610.2,From RDC,"Lamivudine/Stavudine 150/30mg, tablets, 30 Tabs",259.83,81198,162396.0,PMO - US,"Cipla, Goa, India",Lamivudine/Stavudine,2.0,N/A - From RDC,SO-2545,Pre-PQ Process,Pre-PQ Process,ARV,110-ZM-T01,19-Jun-08,Air,Adult,30,0.07,SCMS from RDC,N/A - From RDC,4678
4470,ASN-2099,Determine,Haiti,06-Aug-08,06-Aug-08,MIssing,Test kit,Yes,3684.28,Direct Drop,"HIV 1/2, Determine HIV Kit, without Lancets, 100 Tests",230.61,2059,144130.0,PMO - US,Inverness Japan,"HIV 1/2, Determine HIV Kit, without Lancets",70.0,5/20/08,SCMS-23820,Pre-PQ Process,Pre-PQ Process,HRDT,106-HT-T01,06-Aug-08,Air,HIV test,100,0.7,"Orgenics, Ltd",EXW,470
9676,ASN-1793,Generic,Vietnam,02-Jun-08,02-Jun-08,300mg,Tablet,Yes,2867.81,Direct Drop,"Tenofovir Disoproxil Fumarate 300mg, tablets, 30 Tabs",44.06,2016,27538.56,PMO - US,Mylan (formerly Matrix) Nashik,Tenofovir Disoproxil Fumarate,13.66,04-10-08,SCMS-20541,Pre-PQ Process,Pre-PQ Process,ARV,108-VN-T01,18-Jul-08,Air,Adult,30,0.46,MYLAN LABORATORIES LTD (FORMERLY MATRIX LABORATORIES),EXW,122
11213,DN-500,Determine,Rwanda,05-Dec-07,05-Dec-07,MIssing,Test kit,Yes,3187.18,From RDC,"HIV 1/2, Determine HIV Kit, without Lancets, 100 Tests",46.65,405,29155.95,PMO - US,Inverness Japan,"HIV 1/2, Determine HIV Kit, without Lancets",71.99,N/A - From RDC,SO-1448,Pre-PQ Process,Pre-PQ Process,HRDT,107-RW-T01,05-Dec-07,Air,HIV test,100,0.72,SCMS from RDC,N/A - From RDC,130
4460,ASN-2336,Generic,Vietnam,19-Sep-08,19-Sep-08,600mg,Tablet,No,See ASN-2336 (ID#:530),Direct Drop,"Efavirenz 600mg, tablets, 30 Tabs",165.15,10080,103219.2,PMO - US,Mylan (formerly Matrix) Nashik,Efavirenz,10.24,5/14/08,SCMS-23450,Pre-PQ Process,Pre-PQ Process,ARV,108-VN-T01,19-Sep-08,Air,Adult,30,0.34,MYLAN LABORATORIES LTD (FORMERLY MATRIX LABORATORIES),EXW,See ASN-2336 (ID#:530)
6931,ASN-1697,Ziagen,Tanzania,08-May-08,08-May-08,20mg/ml,Oral solution,Yes,Freight Included in Commodity Cost,Direct Drop,"Abacavir 20mg/ml [Ziagen], oral solution, Bottle, 240 ml",5.28,132,3300.0,PMO - US,GSK Mississauga (Canada),Abacavir,25.0,1/24/08,SCMS-16760,Pre-PQ Process,Pre-PQ Process,ARV,109-TZ-T01,08-May-08,Air,Pediatric,240,0.1,GLAXOSMITHKLINE EXPORT LIMITED,CIP,Weight Captured Separately
11527,DN-604,Generic,Zimbabwe,05-Mar-08,05-Mar-08,150/200/30mg,Tablet - FDC,Yes,12894.85,From RDC,"Lamivudine/Nevirapine/Stavudine 150/200/30mg, tablets, 60 Tabs",29.69,2508,18559.2,PMO - US,"Cipla, Goa, India",Lamivudine/Nevirapine/Stavudine,7.4,N/A - From RDC,SO-711,Pre-PQ Process,Pre-PQ Process,ARV,100-ZW-T01,05-Mar-08,Air,Adult,60,0.12,SCMS from RDC,N/A - From RDC,4303
11664,DN-1336,Generic,Mozambique,03-Sep-09,03-Sep-09,30mg,Capsule,Yes,423.89,From RDC,"Stavudine 30mg, capsules, 60 Caps",1.08,370,551.3,PMO - US,"Strides, Bangalore, India.",Stavudine,1.49,N/A - From RDC,SO-32200,Pre-PQ Process,Date Not Captured,ARV,111-MZ-T01,03-Sep-09,Air,Adult,60,0.02,SCMS from RDC,N/A - From RDC,18
12840,DN-907,Crixivan,Ethiopia,16-Sep-08,16-Sep-08,400mg,Capsule,No,See DN-907 (ID#:12839),From RDC,"Indinavir 400mg [Crixivan], capsules, 180 Caps",4,50,2500.0,PMO - US,"MSD, Haarlem, NL",Indinavir,50.0,N/A - From RDC,SO-14230,Pre-PQ Process,Pre-PQ Process,ARV,117-ET-T01,16-Sep-08,Truck,Adult,180,0.28,SCMS from RDC,N/A - From RDC,See DN-907 (ID#:12839)
11284,DN-900,Generic,Zimbabwe,12-Sep-08,12-Sep-08,600mg,Tablet,Yes,30585.17,From RDC,"Efavirenz 600mg, tablets, 30 Tabs",76.86,4000,48040.0,PMO - US,"Aurobindo Unit III, India",Efavirenz,12.01,N/A - From RDC,SO-2503,Pre-PQ Process,Pre-PQ Process,ARV,113-ZW-T01,12-Sep-08,Truck,Adult,30,0.4,SCMS from RDC,N/A - From RDC,8481
8996,ASN-3753,Generic,Haiti,15-Apr-09,15-Apr-09,100/25mg,Tablet,Yes,810.36,Direct Drop,"Lopinavir/Ritonavir 100/25mg [Aluvia], tablets, 60 Tabs",0.28,14,143.92,PMO - US,ABBVIE Ludwigshafen Germany,Lopinavir/Ritonavir,10.28,03-04-09,SCMS-39940,Pre-PQ Process,Pre-PQ Process,ARV,106-HT-T01,15-Apr-09,Air,Pediatric,60,0.17,ABBVIE LOGISTICS (FORMERLY ABBOTT LOGISTICS BV),FCA,7
11044,DN-1231,Generic,Mozambique,28-Jun-09,28-Jun-09,150mg,Tablet,Yes,3599.76,From RDC,"Lamivudine 150mg, tablets, 60 Tabs",10.07,2106,5138.64,PMO - US,"Aurobindo Unit III, India",Lamivudine,2.44,N/A - From RDC,SO-30440,Pre-PQ Process,Pre-PQ Process,ARV,111-MZ-T01,28-Jun-09,Truck,Adult,60,0.04,SCMS from RDC,N/A - From RDC,3545
12877,DN-1172,Generic,Nigeria,30-Apr-09,30-Apr-09,200mg,Tablet,Yes,1547.94,From RDC,"Nevirapine 200mg, tablets, 60 Tabs",1.56,248,793.6,PMO - US,"Aurobindo Unit III, India",Nevirapine,3.2,N/A - From RDC,SO-22831,Pre-PQ Process,Pre-PQ Process,ARV,123-NG-T01,30-Apr-09,Air,Adult,60,0.05,SCMS from RDC,N/A - From RDC,24
13817,ASN-26119,Generic,Zimbabwe,14-Jun-14,16-Jun-14,300/300mg,Tablet - FDC,Yes,25730.13,Direct Drop,"Lamivudine/Tenofovir Disoproxil Fumarate 300/300mg, tablets, 30 Tabs",156.17,32670,151915.5,PMO - US,"Aurobindo Unit VII, IN",Lamivudine/Tenofovir Disoproxil Fumarate,4.65,05-08-14,SCMS-234720,FPQ-13939,04-01-14,ARV,113-ZW-T30,14-Jun-14,Air,Adult,30,0.16,Aurobindo Pharma Limited,EXW,3076
11554,DN-707,Generic,Mozambique,22-May-08,22-May-08,150/200/30mg,Tablet - FDC,Yes,6260.71,From RDC,"Lamivudine/Nevirapine/Stavudine 150/200/30mg, tablets, 60 Tabs",461.76,39000,288600.0,PMO - US,"Cipla, Goa, India",Lamivudine/Nevirapine/Stavudine,7.4,N/A - From RDC,SO-1876,Pre-PQ Process,Pre-PQ Process,ARV,111-MZ-T01,22-May-08,Air,Adult,60,0.12,SCMS from RDC,N/A - From RDC,7719
11962,DN-1171,Generic,CÃte dIvoire,12-May-09,12-May-09,20mg/ml,Oral solution,Yes,1328.03,From RDC,"Abacavir 20mg/ml, oral solution, Bottle, 240 ml",10.35,352,5280.0,PMO - US,"Aurobindo Unit III, India",Abacavir,15.0,N/A - From RDC,SO-21882,Pre-PQ Process,Pre-PQ Process,ARV,104-CI-T01,12-May-09,Air,Pediatric,240,0.06,SCMS from RDC,N/A - From RDC,125
13277,ASN-5008,Generic,Vietnam,26-Oct-09,26-Oct-09,300mg,Tablet,Yes,791.43,Direct Drop,"Tenofovir Disoproxil Fumarate 300mg, tablets, 30 Tabs",27.17,1680,13860.0,PMO - US,Mylan (formerly Matrix) Nashik,Tenofovir Disoproxil Fumarate,8.25,8/14/09,SCMS-51780,FPQ-4098,08-12-09,ARV,108-VN-T30,26-Oct-09,Air,Adult,30,0.28,MYLAN LABORATORIES LTD (FORMERLY MATRIX LABORATORIES),EXW,110
1719,ASN-1668,Generic,CÃte dIvoire,09-May-08,09-May-08,MIssing,Test kit - Ancillary,Yes,Freight Included in Commodity Cost,Direct Drop,"HIV, Lancet, Safety, for HIV Test kits, 100 Pcs",0,250,2.5,PMO - US,Inverness Japan,"HIV, Lancet, Safety, for HIV Test kits, 100 Pcs",0.01,04-07-08,SCMS-21270,Pre-PQ Process,Pre-PQ Process,HRDT,104-CI-T01,09-May-08,Air,HIV test - Ancillary,100,0.0,"Orgenics, Ltd",EXW,17
12776,DN-709,Generic,Zimbabwe,21-Apr-08,21-Apr-08,600mg,Tablet,No,See DN-709 (ID#:10945),From RDC,"Efavirenz 600mg, tablets, 30 Tabs",36.96,1860,23101.2,PMO - US,Mylan (formerly Matrix) Nashik,Efavirenz,12.42,N/A - From RDC,SO-714,Pre-PQ Process,Pre-PQ Process,ARV,100-ZW-T01,21-Apr-08,Air,Adult,30,0.41,SCMS from RDC,N/A - From RDC,See DN-709 (ID#:10945)
10887,DN-395,Generic,Zambia,02-Nov-07,02-Nov-07,20mg/ml,Oral solution,Yes,3478,From RDC,"Abacavir 20mg/ml, oral solution, Bottle, 240 ml",35.4,1341,22126.5,PMO - US,"Aurobindo Unit III, India",Abacavir,16.5,N/A - From RDC,SO-753,Pre-PQ Process,Pre-PQ Process,ARV,110-ZM-T01,02-Nov-07,MIssing,Pediatric,240,0.07,SCMS from RDC,N/A - From RDC,395
3008,ASN-2359,Stat-Pak,Nigeria,19-Sep-08,19-Sep-08,MIssing,Test kit,Yes,20635.3,Direct Drop,"HIV 1/2, Stat-Pak HIV, Kit, 20 Tests",390.87,9048,244296.0,PMO - US,Chembio Diagnostics Sys. Inc.,"HIV 1/2, Stat-Pak HIV, Kit",27.0,1/29/08,SCMS-16890,Pre-PQ Process,Pre-PQ Process,HRDT,102-NG-T01,19-Sep-08,Air,HIV test,20,1.35,"CHEMBIO DIAGNOSTIC SYSTEMS, INC.",EXW,2985
985,ASN-3751,Kaletra,Tanzania,28-May-09,28-May-09,80/20mg/ml,Oral solution,Yes,6668.61,Direct Drop,"Lopinavir/Ritonavir 80/20mg/ml [Kaletra], oral solution, cool, Bottle 5 x 60 ml",42.21,524,21536.4,PMO - US,ABBVIE (Abbott) Logis. UK,Lopinavir/Ritonavir,41.1,02-05-09,SCMS-38370,Pre-PQ Process,Pre-PQ Process,ARV,109-TZ-T01,28-May-09,Air,Pediatric,300,0.14,ABBVIE LOGISTICS (FORMERLY ABBOTT LOGISTICS BV),FCA,644
10767,DN-1237,Generic,Swaziland,20-May-09,20-May-09,600mg,Tablet,Yes,2393.34,From RDC,"Efavirenz 600mg, tablets, 30 Tabs",31.48,2345,16063.25,PMO - US,Mylan (formerly Matrix) Nashik,Efavirenz,6.85,N/A - From RDC,SO-30800,Pre-PQ Process,Pre-PQ Process,ARV,100-SZ-T01,20-May-09,Air,Adult,30,0.23,SCMS from RDC,N/A - From RDC,239
12486,DN-791,Generic,Tanzania,16-Sep-08,16-Sep-08,150/200/30mg,Tablet - FDC,Yes,80239.66,From RDC,"Lamivudine/Nevirapine/Stavudine 150/200/30mg, tablets, 60 Tabs",1838.98,155319,1149360.6,PMO - US,"Cipla, Goa, India",Lamivudine/Nevirapine/Stavudine,7.4,N/A - From RDC,SO-2559,Pre-PQ Process,Pre-PQ Process,ARV,109-TZ-T01,16-Sep-08,Air,Adult,60,0.12,SCMS from RDC,N/A - From RDC,28334
1283,ASN-273,Generic,Vietnam,14-Mar-07,14-Mar-07,30mg,Capsule,Yes,42453.21,Direct Drop,"Stavudine 30mg, capsules, 60 Caps",MIssing,95500,144205.0,PMO - US,"Strides, Bangalore, India.",Stavudine,1.51,11/15/06,SCMS-170,Pre-PQ Process,Pre-PQ Process,ARV,108-VN-T01,14-Mar-07,Air,Adult,60,0.03,STRIDES ARCOLAB LIMITED,EXW,9170
12549,DN-944,Generic,Haiti,04-Nov-08,04-Nov-08,600mg,Tablet,No,See DN-944 (ID#:11012),From RDC,"Efavirenz 600mg, tablets, 30 Tabs",530.35,24599,270589.0,PMO - US,"Aurobindo Unit III, India",Efavirenz,11.0,N/A - From RDC,SO-15930,Pre-PQ Process,Pre-PQ Process,ARV,106-HT-T01,04-Nov-08,Air,Adult,30,0.37,SCMS from RDC,N/A - From RDC,See DN-944 (ID#:11012)
12820,DN-860,Generic,Haiti,11-Aug-08,11-Aug-08,1mg/ml,Oral solution,Yes,3022.74,From RDC,"Stavudine 1mg/ml, powder for oral solution, 200 ml",3.36,1500,2100.0,PMO - US,"Aurobindo Unit III, India",Stavudine,1.4,N/A - From RDC,SO-12140,Pre-PQ Process,Pre-PQ Process,ARV,106-HT-T01,11-Aug-08,Air,Pediatric,200,0.01,SCMS from RDC,N/A - From RDC,235
11663,DN-1332,Generic,Mozambique,27-Aug-09,27-Aug-09,150/300mg,Tablet - FDC,Yes,2400.25,From RDC,"Lamivudine/Zidovudine 150/300mg, tablets, 60 Tabs",42.65,2484,21759.84,PMO - US,"Aurobindo Unit III, India",Lamivudine/Zidovudine,8.76,N/A - From RDC,SO-26423,Pre-PQ Process,Date Not Captured,ARV,111-MZ-T01,27-Aug-09,Truck,Adult,60,0.15,SCMS from RDC,N/A - From RDC,2078
11769,DN-358,Determine,Namibia,21-Sep-07,21-Sep-07,MIssing,Test kit,Yes,541.42,From RDC,"HIV 1/2, Determine Complete HIV Kit, 100 Tests",21.76,170,13600.0,PMO - US,ABBVIE GmbH & Co.KG Wiesbaden,"HIV 1/2, Determine Complete HIV Kit",80.0,N/A - From RDC,SO-1007,Pre-PQ Process,Pre-PQ Process,HRDT,119-NA-T01,21-Sep-07,Air,HIV test,100,0.8,SCMS from RDC,N/A - From RDC,39
5509,ASN-1251,Kaletra,South Africa,29-Jan-08,29-Jan-08,133.3/33.3mg,Capsule,No,Freight Included in Commodity Cost,Direct Drop,"Lopinavir/Ritonavir 133.3/33.3mg [Kaletra], capsules, cool, 2 x 90 Caps",30.89,400,19304.0,PMO - US,ABBVIE (Abbott) Logis. UK,Lopinavir/Ritonavir,48.26,11-12-07,SCMS-14050,Pre-PQ Process,Pre-PQ Process,ARV,116-ZA-T01,29-Jan-08,MIssing,Adult,180,0.27,"JSI R&T INSTITUTE, INC.",DDP,Weight Captured Separately
12279,DN-1219,Generic,Haiti,22-May-09,22-May-09,600mg,Tablet,Yes,7584.12,From RDC,"Efavirenz 600mg, tablets, 30 Tabs",139.51,7323,71179.56,PMO - US,"Aurobindo Unit III, India",Efavirenz,9.72,N/A - From RDC,SO-24841,Pre-PQ Process,Pre-PQ Process,ARV,106-HT-T01,22-May-09,Air,Adult,30,0.32,SCMS from RDC,N/A - From RDC,631
6932,ASN-1354,Stat-Pak,Nigeria,29-Feb-08,29-Feb-08,MIssing,Test kit,Yes,18750.2,Direct Drop,"HIV 1/2, Stat-Pak HIV, Kit, 20 Tests",405.22,9380,253260.0,PMO - US,Chembio Diagnostics Sys. Inc.,"HIV 1/2, Stat-Pak HIV, Kit",27.0,01-07-08,SCMS-16880,Pre-PQ Process,Pre-PQ Process,HRDT,102-NG-T01,21-Apr-08,Air,HIV test,20,1.35,"CHEMBIO DIAGNOSTIC SYSTEMS, INC.",EXW,3058
11830,DN-526,Generic,Ethiopia,20-Dec-07,20-Dec-07,10mg/ml,Oral solution,Yes,8586,From RDC,"Zidovudine 10mg/ml, oral solution, Bottle, 240 ml",11.3,3286,7064.9,PMO - US,"Aurobindo Unit III, India",Zidovudine,2.15,N/A - From RDC,SO-1531,Pre-PQ Process,Pre-PQ Process,ARV,117-ET-T01,20-Dec-07,Air,Pediatric,240,0.01,SCMS from RDC,N/A - From RDC,1215
551,ASN-2865,Capillus,Haiti,24-Nov-08,24-Nov-08,MIssing,Test kit,Yes,871.57,Direct Drop,"HIV 1/2, Capillus HIV Kit, 100 Tests",22.88,84,11676.0,PMO - US,"Trinity Biotech, Plc","HIV 1/2, Capillus HIV Kit",139.0,5/23/08,SCMS-24020,Pre-PQ Process,Pre-PQ Process,HRDT,106-HT-T01,24-Nov-08,Air,HIV test,100,1.39,"Trinity Biotech, Plc",EXW,54
12505,DN-808,Generic,Zambia,23-Jul-08,23-Jul-08,600mg,Tablet,Yes,2196.18,From RDC,"Efavirenz 600mg, tablets, 30 Tabs",1056.88,55000,660550.0,PMO - US,Mylan (formerly Matrix) Nashik,Efavirenz,12.01,N/A - From RDC,SO-1894,Pre-PQ Process,Pre-PQ Process,ARV,110-ZM-T01,23-Jul-08,Truck,Adult,30,0.4,SCMS from RDC,N/A - From RDC,3925
6436,ASN-4281,Generic,South Africa,20-Apr-09,20-Apr-09,600mg,Tablet,Yes,Freight Included in Commodity Cost,Direct Drop,"Efavirenz 600mg, tablets, 30 Tabs",49.08,2000,25040.0,PMO - US,"Cipla, Goa, India",Efavirenz,12.52,04-02-09,SCMS-47410,Pre-PQ Process,Pre-PQ Process,ARV,116-ZA-T01,15-May-09,Truck,Adult,30,0.42,S. BUYS WHOLESALER,DDP,Weight Captured Separately
3421,ASN-2589,Atripla,Nigeria,10-Oct-08,10-Oct-08,600/200/300mg,Tablet - FDC,Yes,1727.2,Direct Drop,"Efavirenz/Emtricitabine/Tenofovir Disoproxil Fumarate 600/200/300mg [Atripla], tablets, 30 Tabs",475.78,5900,297360.0,PMO - US,"MSD, Haarlem, NL",Efavirenz/Emtricitabine/Tenofovir Disoproxil Fumarate,50.4,9/17/08,SCMS-26482,Pre-PQ Process,Pre-PQ Process,ARV,131-NG-T01,10-Oct-08,Air,Adult,30,1.68,MERCK SHARP & DOHME IDEA GMBH (FORMALLY MERCK SHARP & DOHME B.V.),CIP,493
7857,ASN-4216,Determine,Botswana,07-Jul-09,07-Jul-09,MIssing,Test kit,Yes,383.65,Direct Drop,"HIV 1/2, Determine HIV Kit, without Lancets, 100 Tests",2.06,15,1050.0,PMO - US,Inverness Japan,"HIV 1/2, Determine HIV Kit, without Lancets",70.0,5/18/09,SCMS-46080,Pre-PQ Process,Pre-PQ Process,HRDT,102-BW-T01,07-Jul-09,Air,HIV test,100,0.7,"Orgenics, Ltd",EXW,4
6488,ASN-4959,Coartem,Nigeria,27-Oct-09,27-Oct-09,20/120mg,Tablet - FDC + blister,Yes,14515.44,Direct Drop,"Artemether/Lumefantrine 20/120mg [Coartem], scored tablets, Blister 30 x 18 Tabs",138.02,2000,70420.0,PMO - US,"Novartis Pharma Suffern, USA",Artemether/Lumefantrine,35.21,04-10-09,SCMS-43910,Pre-PQ Process,Pre-PQ Process,ACT,123-NG-T01,27-Oct-09,Air,ACT,540,0.07,MISSIONPHARMA A/S,EXW,10
12041,DN-100,Generic,Rwanda,14-May-07,14-May-07,150mg,Tablet,No,See DN-100 (ID#:10823),From RDC,"Lamivudine 150mg, tablets, 60 Tabs",MIssing,1267,4193.77,PMO - US,"Ranbaxy, Paonta Shahib, India",Lamivudine,3.31,N/A - From RDC,SO-481,Pre-PQ Process,Pre-PQ Process,ARV,107-RW-T01,14-May-07,Air,Adult,60,0.06,SCMS from RDC,N/A - From RDC,See DN-100 (ID#:10823)
12182,DN-840,Generic,Nigeria,03-Aug-08,03-Aug-08,150/200/30mg,Tablet - FDC,No,See DN-840 (ID#:12179),From RDC,"Lamivudine/Nevirapine/Stavudine 150/200/30mg, tablets, 60 Tabs",55.47,4685,34669.0,PMO - US,"Cipla, Goa, India",Lamivudine/Nevirapine/Stavudine,7.4,N/A - From RDC,SO-10030,Pre-PQ Process,Pre-PQ Process,ARV,112-NG-T01,03-Aug-08,Air,Adult,60,0.12,SCMS from RDC,N/A - From RDC,See DN-840 (ID#:12179)
12669,DN-219,Pepti-LAV,CÃte dIvoire,10-Jul-07,10-Jul-07,MIssing,Test kit - Ancillary,Yes,1356,From RDC,"HIV, Pepti-LAV 1|2 (HIV-1|2 Ab differenciation, Immuno-Blot)",0.76,2,477.3,PMO - US,Bio-Rad Laboratories,"HIV, Pepti-LAV 1|2 (HIV-1|2 Ab differenciation, Immuno-Blot)",238.65,N/A - From RDC,SO-410,Pre-PQ Process,Pre-PQ Process,HRDT,104-CI-T01,10-Jul-07,MIssing,HIV test - Ancillary,1,238.65,SCMS from RDC,N/A - From RDC,6
5802,ASN-2293,Videx,South Africa,08-May-08,08-May-08,2g,Powder for oral solution,No,Freight Included in Commodity Cost,Direct Drop,"Didanosine 2g [Videx], powder for oral solution 10mg/ml, reconstitute to 200 ml",0.13,6,78.48,PMO - US,"BMS Meymac, France",Didanosine,13.08,Date Not Captured,SCMS-23500,Pre-PQ Process,Pre-PQ Process,ARV,116-ZA-T01,20-Aug-08,Truck,Pediatric,200,0.07,S. BUYS WHOLESALER,DDP,Weight Captured Separately
13231,ASN-27978,Generic,South Africa,27-Aug-14,27-Aug-14,300mg,Tablet,Yes,Freight Included in Commodity Cost,Direct Drop,"Zidovudine 300mg, tablets, 60 Tabs",0.48,14,389.56,PMO - US,"Aurobindo Unit III, India",Zidovudine,27.83,8/27/14,SCMS-199283,FPQ-12522,07-11-13,ARV,116-ZA-T30,27-Aug-14,Truck,Adult,60,0.46,S. BUYS WHOLESALER,DDP,Weight Captured Separately
10735,DN-1055,Generic,Mozambique,18-Mar-09,18-Mar-09,150/200/30mg,Tablet - FDC,Yes,6757.33,From RDC,"Lamivudine/Nevirapine/Stavudine 150/200/30mg, tablets, 60 Tabs",1624.71,115130,828936.0,PMO - US,"Strides, Bangalore, India.",Lamivudine/Nevirapine/Stavudine,7.2,N/A - From RDC,SO-15083,Pre-PQ Process,Pre-PQ Process,ARV,111-MZ-T01,18-Mar-09,Air,Adult,60,0.12,SCMS from RDC,N/A - From RDC,8693
11203,DN-445,Generic,Haiti,22-Jan-08,22-Jan-08,50mg,Capsule,No,See DN-445 (ID#:10640),From RDC,"Efavirenz 50mg, capsule, 30 Caps",0.36,100,224.0,PMO - US,"Aurobindo Unit III, India",Efavirenz,2.24,N/A - From RDC,SO-1288,Pre-PQ Process,Pre-PQ Process,ARV,106-HT-T01,22-Jan-08,Air,Pediatric,30,0.07,SCMS from RDC,N/A - From RDC,See DN-445 (ID#:10640)
12264,DN-1131,Truvada,Nigeria,24-Mar-09,24-Mar-09,300/200mg,Tablet - FDC,Yes,6443.61,From RDC,"Emtricitabine/Tenofovir Disoproxil Fumarate 200/300mg [Truvada], tablets, 30 Tabs",34.06,662,17377.5,PMO - US,"Aspen-OSD, Port Elizabeth, SA",Emtricitabine/Tenofovir Disoproxil Fumarate,26.25,N/A - From RDC,SO-21783,Pre-PQ Process,Pre-PQ Process,ARV,151-NG-T01,24-Mar-09,Air,Adult,30,0.88,SCMS from RDC,N/A - From RDC,62
11208,DN-475,Generic,Nigeria,03-Dec-07,03-Dec-07,150/300mg,Tablet - FDC,No,See DN-475 (ID#:10642),From RDC,"Lamivudine/Zidovudine 150/300mg, tablets, 60 Tabs",3.67,215,2296.2,PMO - US,"Aurobindo Unit III, India",Lamivudine/Zidovudine,10.68,N/A - From RDC,SO-567,Pre-PQ Process,Pre-PQ Process,ARV,112-NG-T01,03-Dec-07,Air,Adult,60,0.18,SCMS from RDC,N/A - From RDC,See DN-475 (ID#:10642)
13748,ASN-4720,Stat-Pak,CÃte dIvoire,11-Sep-09,11-Sep-09,MIssing,Test kit,Yes,1437.4,Direct Drop,"HIV 1/2, Stat-Pak HIV, Kit, 20 Tests",18.52,350,9450.0,PMO - US,Chembio Diagnostics Sys. Inc.,"HIV 1/2, Stat-Pak HIV, Kit",27.0,07-07-09,SCMS-48620,FPQ-3885,6/19/09,HRDT,104-CI-T30,11-Sep-09,Air,HIV test,20,1.35,"CHEMBIO DIAGNOSTIC SYSTEMS, INC.",EXW,205
11753,DN-290,Generic,Tanzania,10-Sep-07,10-Sep-07,150/300mg,Tablet - FDC,No,See DN-290 (ID#:10859),From RDC,"Lamivudine/Zidovudine 150/300mg, tablets, 60 Tabs",170.88,10000,106800.0,PMO - US,"Aurobindo Unit III, India",Lamivudine/Zidovudine,10.68,N/A - From RDC,SO-455,Pre-PQ Process,Pre-PQ Process,ARV,109-TZ-T01,10-Sep-07,MIssing,Adult,60,0.18,SCMS from RDC,N/A - From RDC,See DN-290 (ID#:10859)
12637,DN-110,Generic,Rwanda,19-Apr-07,19-Apr-07,150/300mg,Tablet - FDC,Yes,20896.5,From RDC,"Lamivudine/Zidovudine 150/300mg, tablets, 60 Tabs",MIssing,38463,383860.74,PMO - US,"Cipla, Goa, India",Lamivudine/Zidovudine,9.98,N/A - From RDC,SO-490,Pre-PQ Process,Pre-PQ Process,ARV,107-RW-T01,19-Apr-07,Air,Adult,60,0.17,SCMS from RDC,N/A - From RDC,3450
10882,DN-326,Genie,CÃte dIvoire,05-Sep-07,05-Sep-07,MIssing,Test kit,Yes,2650.36,From RDC,"#108853** HIV, Genie II HIV-1/HIV-2 Kit, 40 Tests",54.72,450,34200.0,PMO - US,Bio-Rad Laboratories,"HIV, Genie II HIV-1/HIV-2 Kit",76.0,N/A - From RDC,SO-998,Pre-PQ Process,Pre-PQ Process,HRDT,104-CI-T01,05-Sep-07,MIssing,HIV test,40,1.9,SCMS from RDC,N/A - From RDC,497
6599,ASN-76,Capillus,Haiti,15-Sep-06,15-Sep-06,MIssing,Test kit,Yes,Freight Included in Commodity Cost,Direct Drop,"HIV 1/2, Capillus HIV Kit, 100 Tests",MIssing,12,3240.0,PMO - US,Not Applicable,"HIV 1/2, Capillus HIV Kit",270.0,Date Not Captured,SCMS-76,Pre-PQ Process,Pre-PQ Process,HRDT,106-HT-T01,15-Sep-06,Air,HIV test,100,2.7,PLURIPHARM S.A.,CIP,Weight Captured Separately
12598,DN-1329,Generic,Zambia,04-Sep-09,04-Sep-09,150/200/30mg,Tablet - FDC,Yes,2448.71,From RDC,"Lamivudine/Nevirapine/Stavudine 150/200/30mg, tablets, 60 Tabs",488.43,35000,249200.0,PMO - US,"Strides, Bangalore, India.",Lamivudine/Nevirapine/Stavudine,7.12,N/A - From RDC,SO-32510,Pre-PQ Process,Date Not Captured,ARV,110-ZM-T01,04-Sep-09,Truck,Adult,60,0.12,SCMS from RDC,N/A - From RDC,2604
12391,DN-315,Generic,CÃte dIvoire,24-Aug-07,24-Aug-07,150/30mg,Tablet - FDC,Yes,12438,From RDC,"Lamivudine/Stavudine 150/30mg, tablets, 30 Tabs",176.1,55032,110064.0,PMO - US,"Cipla, Goa, India",Lamivudine/Stavudine,2.0,N/A - From RDC,SO-844,Pre-PQ Process,Pre-PQ Process,ARV,104-CI-T01,24-Aug-07,MIssing,Adult,30,0.07,SCMS from RDC,N/A - From RDC,3673
3971,ASN-191,Uni-Gold,Rwanda,09-Mar-07,09-Mar-07,MIssing,Test kit,Yes,17928.53,Direct Drop,"HIV 1/2, Uni-Gold HIV Kit, 20 Tests",MIssing,500,20000.0,PMO - US,"Trinity Biotech, Plc","HIV 1/2, Uni-Gold HIV Kit",40.0,12/29/06,SCMS-290,Pre-PQ Process,Pre-PQ Process,HRDT,107-RW-T01,25-Jan-07,Air,HIV test,20,2.0,"Trinity Biotech, Plc",EXW,173
12724,DN-373,Generic,Nigeria,20-Sep-07,20-Sep-07,10mg/ml,Oral suspension,No,See DN-373 (ID#:10623),From RDC,"Nevirapine 10mg/ml, oral suspension, Bottle, 240 ml",16.09,1622,10056.4,PMO - US,"Aurobindo Unit III, India",Nevirapine,6.2,N/A - From RDC,SO-565,Pre-PQ Process,Pre-PQ Process,ARV,112-NG-T01,20-Sep-07,Air,Pediatric,240,0.03,SCMS from RDC,N/A - From RDC,See DN-373 (ID#:10623)
12305,DN-1374,Generic,Haiti,31-Jul-09,31-Jul-09,200mg,Capsule,No,See DN-1374 (ID#:11999),From RDC,"Efavirenz 200mg, capsule, 90 Caps",13.1,525,6683.25,PMO - US,"Aurobindo Unit III, India",Efavirenz,12.73,N/A - From RDC,SO-32730,Pre-PQ Process,Date Not Captured,ARV,106-HT-T01,31-Jul-09,Air,Pediatric,90,0.14,SCMS from RDC,N/A - From RDC,See DN-1374 (ID#:11999)
11858,DN-717,Viread,Nigeria,18-Apr-08,18-Apr-08,300mg,Tablet,Yes,2812.3,From RDC,"Tenofovir Disoproxil Fumarate 300mg [Viread], tablets, 30 Tabs",2.96,109,1853.0,PMO - US,Gilead(Nycomed) Oranienburg DE,Tenofovir Disoproxil Fumarate,17.0,N/A - From RDC,SO-2351,Pre-PQ Process,Pre-PQ Process,ARV,112-NG-T01,18-Apr-08,Air,Adult,30,0.57,SCMS from RDC,N/A - From RDC,422
3748,ASN-4670,Generic,South Africa,17-Apr-09,17-Apr-09,600mg,Tablet,Yes,Freight Included in Commodity Cost,Direct Drop,"Efavirenz 600mg, tablets, 30 Tabs",8.46,282,4314.6,PMO - US,"Aurobindo Unit III, India",Efavirenz,15.3,3/13/09,SCMS-41100,Pre-PQ Process,Pre-PQ Process,ARV,116-ZA-T01,17-Jun-09,Air,Adult,30,0.51,S. BUYS WHOLESALER,DDP,Weight Captured Separately
10703,DN-710,Generic,Namibia,10-Apr-08,10-Apr-08,600mg,Tablet,Yes,690.39,From RDC,"Efavirenz 600mg, tablets, 30 Tabs",40.35,2100,25221.0,PMO - US,"Aurobindo Unit III, India",Efavirenz,12.01,N/A - From RDC,SO-2349,Pre-PQ Process,Pre-PQ Process,ARV,119-NA-T01,10-Apr-08,Air,Adult,30,0.4,SCMS from RDC,N/A - From RDC,181
12736,DN-609,Generic,CÃte dIvoire,19-Feb-08,19-Feb-08,150/30mg,Tablet - FDC,No,See DN-609 (ID#:11480),From RDC,"Lamivudine/Stavudine 150/30mg, tablets, 30 Tabs",140.8,44000,88000.0,PMO - US,"Cipla, Goa, India",Lamivudine/Stavudine,2.0,N/A - From RDC,SO-1546,Pre-PQ Process,Pre-PQ Process,ARV,104-CI-T01,19-Feb-08,Air,Adult,30,0.07,SCMS from RDC,N/A - From RDC,See DN-609 (ID#:11480)
13968,ASN-21751,Uni-Gold,South Sudan,18-Oct-13,18-Oct-13,MIssing,Test kit,Yes,4124.74,Direct Drop,"HIV 1/2, Uni-Gold HIV Kit, 20 Tests",1.39,35,1120.0,PMO - US,"Trinity Biotech, Plc","HIV 1/2, Uni-Gold HIV Kit",32.0,08-06-13,SCMS-200920,FPQ-12623,7/18/13,HRDT,105-SS-T30,18-Oct-13,Air,HIV test,20,1.6,"Trinity Biotech, Plc",EXW,176
11139,DN-247,Norvir,Tanzania,30-Jul-07,30-Jul-07,100mg,Capsule,Yes,2094,From RDC,"Ritonavir 100mg [Norvir], capsules, cool, 4 x 84 Caps",9.64,157,6022.52,PMO - US,ABBVIE (Abbott) Logis. UK,Ritonavir,38.36,N/A - From RDC,SO-496,Pre-PQ Process,Pre-PQ Process,ARV,109-TZ-T01,30-Jul-07,Air,Adult,336,0.11,SCMS from RDC,N/A - From RDC,547
12617,DN-1465,Generic,Haiti,13-Oct-09,13-Oct-09,600mg,Tablet,Yes,32104.3,From RDC,"Efavirenz 600mg, tablets, 30 Tabs",444.44,36456,226756.32,PMO - US,"Aurobindo Unit III, India",Efavirenz,6.22,N/A - From RDC,SO-32770,Pre-PQ Process,Date Not Captured,ARV,106-HT-T01,13-Oct-09,Air,Adult,30,0.21,SCMS from RDC,N/A - From RDC,3160
12477,DN-717,Generic,Nigeria,18-Apr-08,18-Apr-08,30mg,Capsule,No,See DN-717 (ID#:11858),From RDC,"Stavudine 30mg, capsules, 60 Caps",3.7,1521,2311.92,PMO - US,"Aurobindo Unit III, India",Stavudine,1.52,N/A - From RDC,SO-2351,Pre-PQ Process,Pre-PQ Process,ARV,112-NG-T01,18-Apr-08,Air,Adult,60,0.03,SCMS from RDC,N/A - From RDC,See DN-717 (ID#:11858)
12622,DN-18,Generic,Mozambique,29-Mar-07,29-Mar-07,10mg/ml,Oral solution,Yes,2123.04,From RDC,"Lamivudine 10mg/ml, oral solution, Bottle, 240 ml",MIssing,7707,18805.08,PMO - US,"Cipla, Goa, India",Lamivudine,2.44,N/A - From RDC,SO-325,Pre-PQ Process,Pre-PQ Process,ARV,111-MZ-T01,29-Mar-07,Air,Pediatric,240,0.01,SCMS from RDC,N/A - From RDC,Weight Captured Separately
12109,DN-332,Generic,Ethiopia,04-Sep-07,04-Sep-07,10mg/ml,Oral solution,No,See DN-332 (ID#:10613),From RDC,"Lamivudine 10mg/ml, oral solution, Bottle, 240 ml",37.67,11950,23541.5,PMO - US,"Aurobindo Unit III, India",Lamivudine,1.97,N/A - From RDC,SO-914,Pre-PQ Process,Pre-PQ Process,ARV,117-ET-T01,04-Sep-07,MIssing,Pediatric,240,0.01,SCMS from RDC,N/A - From RDC,See DN-332 (ID#:10613)
11932,DN-1144,Truvada,Nigeria,24-Mar-09,24-Mar-09,300/200mg,Tablet - FDC,Yes,6443.63,From RDC,"Emtricitabine/Tenofovir Disoproxil Fumarate 200/300mg [Truvada], tablets, 30 Tabs",1937.92,37666,988732.5,PMO - US,"Aspen-OSD, Port Elizabeth, SA",Emtricitabine/Tenofovir Disoproxil Fumarate,26.25,N/A - From RDC,SO-21782,Pre-PQ Process,Pre-PQ Process,ARV,151-NG-T01,24-Mar-09,Air,Adult,30,0.88,SCMS from RDC,N/A - From RDC,3273
11048,DN-1244,Generic,Nigeria,16-Jun-09,16-Jun-09,150/200/30mg,Tablet - FDC,Yes,7329.83,From RDC,"Lamivudine/Nevirapine/Stavudine 150/200/30mg, tablets, 60 Tabs",76.92,5512,39245.44,PMO - US,"Cipla, Goa, India",Lamivudine/Nevirapine/Stavudine,7.12,N/A - From RDC,SO-21050,Pre-PQ Process,Pre-PQ Process,ARV,112-NG-T01,16-Jun-09,Air Charter,Adult,60,0.12,SCMS from RDC,N/A - From RDC,1165
6369,ASN-3748,Aluvia,Haiti,15-Apr-09,15-Apr-09,200/50mg,Tablet,Yes,807.28,Direct Drop,"Lopinavir/Ritonavir 200/50mg [Aluvia], tablets, 120 Tabs",0.81,10,411.0,PMO - US,ABBVIE Ludwigshafen Germany,Lopinavir/Ritonavir,41.1,03-06-09,SCMS-40030,Pre-PQ Process,Pre-PQ Process,ARV,106-HT-T01,15-Apr-09,Air,Adult,120,0.34,ABBVIE LOGISTICS (FORMERLY ABBOTT LOGISTICS BV),FCA,9
10743,DN-904,Generic,Mozambique,10-Oct-08,10-Oct-08,200mg,Tablet,Yes,1522.92,From RDC,"Nevirapine 200mg, tablets, 60 Tabs",61.64,12040,38528.0,PMO - US,Hetero Unit III Hyderabad IN,Nevirapine,3.2,N/A - From RDC,SO-13990,Pre-PQ Process,Pre-PQ Process,ARV,111-MZ-T01,10-Oct-08,Truck,Adult,60,0.05,SCMS from RDC,N/A - From RDC,677
12737,DN-611,Generic,CÃte dIvoire,19-Feb-08,19-Feb-08,150/200/30mg,Tablet - FDC,No,See DN-611 (ID#:12472),From RDC,"Lamivudine/Nevirapine/Stavudine 150/200/30mg, tablets, 60 Tabs",525.7,44400,328560.0,PMO - US,"Cipla, Goa, India",Lamivudine/Nevirapine/Stavudine,7.4,N/A - From RDC,SO-1663,Pre-PQ Process,Pre-PQ Process,ARV,104-CI-T01,06-Mar-08,Air,Adult,60,0.12,SCMS from RDC,N/A - From RDC,See DN-611 (ID#:12472)
11697,DN-1558,Generic,Ethiopia,26-Nov-09,26-Nov-09,200mg,Tablet,Yes,4702.02,From RDC,"Nevirapine 200mg, tablets, 60 Tabs",41.65,6661,19316.9,PMO - US,"Aurobindo Unit III, India",Nevirapine,2.9,N/A - From RDC,SO-34570,Pre-PQ Process,Date Not Captured,ARV,117-ET-T01,26-Nov-09,Air,Adult,60,0.05,SCMS from RDC,N/A - From RDC,778
11724,DN-187,Generic,Zimbabwe,12-Jun-07,12-Jun-07,300mg,Tablet,No,See DN-187 (ID#:10825),From RDC,"Zidovudine 300mg, tablets, 60 Tabs",8.35,534,5217.18,PMO - US,"Ranbaxy, Paonta Shahib, India",Zidovudine,9.77,N/A - From RDC,SO-279,Pre-PQ Process,Pre-PQ Process,ARV,113-ZW-T01,12-Jun-07,MIssing,Adult,60,0.16,SCMS from RDC,N/A - From RDC,See DN-187 (ID#:10825)
12351,DN-153,Generic,Mozambique,08-Jun-07,08-Jun-07,10mg/ml,Oral solution,Yes,Freight Included in Commodity Cost,From RDC,"Zidovudine 10mg/ml, oral solution, Bottle, 240 ml",MIssing,8100,31995.0,PMO - US,"Aurobindo Unit III, India",Zidovudine,3.95,N/A - From RDC,SO-544,Pre-PQ Process,Pre-PQ Process,ARV,111-MZ-T01,08-Jun-07,Air,Pediatric,240,0.02,SCMS from RDC,N/A - From RDC,2952
9422,ASN-904,First Response,Rwanda,16-Nov-07,16-Nov-07,MIssing,Test kit,Yes,9898.8,Direct Drop,"HIV 1/2/O, First Response HIV 1-2.0, v.3.0 Cards Kit, 30 Tests",105.36,3991,65851.5,PMO - US,Premier Med. Corp Ltd. India,"HIV 1/2/O, First Response HIV 1-2.0, v.3.0 Cards Kit",16.5,10/18/07,SCMS-13010,Pre-PQ Process,Pre-PQ Process,HRDT,107-RW-T01,16-Nov-07,Air,HIV test,30,0.55,Premier Medical Corporation Ltd.,EXW,1150
3787,ASN-4287,Retrovir,South Africa,04-May-09,04-May-09,100mg,Capsule,Yes,Freight Included in Commodity Cost,Direct Drop,"Zidovudine 100mg [Retrovir], capsules, 100 Caps",0.73,30,371.1,PMO - US,GSK Crawley,Zidovudine,12.37,04-02-09,SCMS-47350,Pre-PQ Process,Pre-PQ Process,ARV,116-ZA-T01,15-May-09,Truck,Pediatric,100,0.12,S. BUYS WHOLESALER,DDP,Weight Captured Separately
5818,ASN-2569,Capillus,Haiti,10-Oct-08,10-Oct-08,MIssing,Test kit,Yes,871.71,Direct Drop,"HIV 1/2, Capillus HIV Kit, 100 Tests",18.68,84,11676.0,PMO - US,"Trinity Biotech, Plc","HIV 1/2, Capillus HIV Kit",139.0,5/20/08,SCMS-23920,Pre-PQ Process,Pre-PQ Process,HRDT,106-HT-T01,10-Oct-08,Air,HIV test,100,1.39,"Trinity Biotech, Plc",EXW,54
11873,DN-673,Generic,CÃte dIvoire,27-Mar-08,27-Mar-08,10mg/ml,Oral suspension,No,See DN-673 (ID#:10682),From RDC,"Nevirapine 10mg/ml, oral suspension, Bottle, 240 ml",9.24,3008,5775.36,PMO - US,"Aurobindo Unit III, India",Nevirapine,1.92,N/A - From RDC,SO-1680,Pre-PQ Process,Pre-PQ Process,ARV,104-CI-T01,27-Mar-08,Air,Pediatric,240,0.01,SCMS from RDC,N/A - From RDC,See DN-673 (ID#:10682)
11792,DN-379,Norvir,CÃte dIvoire,15-Oct-07,15-Oct-07,100mg,Capsule,No,See DN-379 (ID#:10890),From RDC,"Ritonavir 100mg [Norvir], capsules, cool, 4 x 84 Caps",89.3,1455,55813.8,PMO - US,ABBVIE (Abbott) France,Ritonavir,38.36,N/A - From RDC,SO-964,Pre-PQ Process,Pre-PQ Process,ARV,104-CI-T01,15-Oct-07,Air,Adult,336,0.11,SCMS from RDC,N/A - From RDC,See DN-379 (ID#:10890)
12741,DN-458,Generic,Haiti,05-Dec-07,05-Dec-07,200mg,Capsule,No,See DN-458 (ID#:11814),From RDC,"Efavirenz 200mg, capsule, 90 Caps",12.8,500,8000.0,PMO - US,"Aurobindo Unit III, India",Efavirenz,16.0,N/A - From RDC,SO-1286,Pre-PQ Process,Pre-PQ Process,ARV,106-HT-T01,05-Dec-07,Air,Pediatric,90,0.18,SCMS from RDC,N/A - From RDC,See DN-458 (ID#:11814)
13004,ASN-31553,Norvir,Mozambique,15-Apr-15,15-Apr-15,100mg,Tablet,Yes,642.99,Direct Drop,"Ritonavir 100mg [Norvir], film coated tablets, 60 Tabs",3.22,400,2740.0,PMO - US,ABBVIE Ludwigshafen Germany,Ritonavir,6.85,11-07-14,SCMS-263040,FPQ-15276,10/28/14,ARV,111-MZ-T30,15-Apr-15,Air,Adult,60,0.11,ABBVIE LOGISTICS (FORMERLY ABBOTT LOGISTICS BV),FCA,62
1660,ASN-2435,Generic,Zimbabwe,21-Oct-08,21-Oct-08,MIssing,Test kit - Ancillary,Yes,Invoiced Separately,Direct Drop,"HIV, Lancet, Safety, for HIV Test kits, 100 Pcs",0.03,1634,16.34,PMO - US,Inverness Japan,"HIV, Lancet, Safety, for HIV Test kits, 100 Pcs",0.01,3/17/08,SCMS-18870,Pre-PQ Process,Pre-PQ Process,HRDT,113-ZW-T01,17-Nov-08,Air,HIV test - Ancillary,100,0.0,"Orgenics, Ltd",EXW,Weight Captured Separately
12451,DN-567,Generic,Nigeria,24-Jan-08,24-Jan-08,150/300/200mg,Tablet - FDC,Yes,3228,From RDC,"Lamivudine/Nevirapine/Zidovudine 150/200/300mg, tablets, 60 Tabs",158.62,4836,99138.0,PMO - US,"Aurobindo Unit III, India",Lamivudine/Nevirapine/Zidovudine,20.5,N/A - From RDC,SO-1430,Pre-PQ Process,Pre-PQ Process,ARV,112-NG-T01,16-Jan-08,Air,Adult,60,0.34,SCMS from RDC,N/A - From RDC,531
11756,DN-304,Generic,Mozambique,21-Sep-07,21-Sep-07,50mg,Capsule,No,See DN-304 (ID#:10589),From RDC,"Efavirenz 50mg, capsule, 30 Caps",13.21,2414,8255.88,PMO - US,"Aurobindo Unit III, India",Efavirenz,3.42,N/A - From RDC,SO-298,Pre-PQ Process,Pre-PQ Process,ARV,111-MZ-T01,21-Sep-07,Air,Pediatric,30,0.11,SCMS from RDC,N/A - From RDC,See DN-304 (ID#:10589)
11321,DN-1235,Generic,Ghana,12-Aug-09,12-Aug-09,100mg,Chewable/dispersible tablet,No,See DN-1235 (ID#:10769),From RDC,"Didanosine 100mg, chewable/dispersible tablets, 60 Tabs",0.02,888,8.88,PMO - US,"Aurobindo Unit III, India",Didanosine,0.01,N/A - From RDC,SO-30700,Pre-PQ Process,Date Not Captured,ARV,100-GH-T01,12-Aug-09,Truck,Pediatric,60,0.0,SCMS from RDC,N/A - From RDC,See DN-1235 (ID#:10769)
11162,DN-366,Generic,Zambia,27-Sep-07,27-Sep-07,600mg,Tablet,No,See DN-366 (ID#:11161),From RDC,"Efavirenz 600mg, tablets, 30 Tabs",2177.23,69783,1360768.5,PMO - US,"Cipla, Goa, India",Efavirenz,19.5,N/A - From RDC,SO-940,Pre-PQ Process,Pre-PQ Process,ARV,110-ZM-T01,27-Sep-07,MIssing,Adult,30,0.65,SCMS from RDC,N/A - From RDC,See DN-366 (ID#:11161)
3050,ASN-1563,Determine,CÃte dIvoire,25-Apr-08,25-Apr-08,MIssing,Test kit,Yes,5303.05,Direct Drop,"HIV 1/2, Determine HIV Kit, without Lancets, 100 Tests",124.99,1116,78120.0,PMO - US,Inverness Japan,"HIV 1/2, Determine HIV Kit, without Lancets",70.0,2/28/08,SCMS-18440,Pre-PQ Process,Pre-PQ Process,HRDT,104-CI-T01,25-Apr-08,Air,HIV test,100,0.7,"Orgenics, Ltd",EXW,255
11954,DN-988,Generic,CÃte dIvoire,01-Dec-08,01-Dec-08,600mg,Tablet,No,See DN-988 (ID#:11022),From RDC,"Efavirenz 600mg, tablets, 30 Tabs",704.16,30654,359264.88,PMO - US,"Aurobindo Unit III, India",Efavirenz,11.72,N/A - From RDC,SO-11850,Pre-PQ Process,Pre-PQ Process,ARV,104-CI-T01,01-Dec-08,Air,Adult,30,0.39,SCMS from RDC,N/A - From RDC,See DN-988 (ID#:11022)
10089,ASN-2941,OraQuick,Botswana,12-Nov-08,12-Nov-08,MIssing,Test kit,Yes,Freight Included in Commodity Cost,Direct Drop,"HIV 1/2, OraQuick Advance HIV Rapid Antibody Kit, 100 Tests",6.86,5,3500.0,PMO - US,"Pacific Biotech, Thailand","HIV 1/2, OraQuick Advance HIV Rapid Antibody Kit",700.0,10/21/08,SCMS-32490,Pre-PQ Process,Pre-PQ Process,HRDT,102-BW-T01,12-Nov-08,Truck,HIV test,100,7.0,AHN (PTY) LTD (AKA UCB (S.A.),DDP,Weight Captured Separately
11425,DN-258,Generic,Mozambique,15-Aug-07,15-Aug-07,200mg,Capsule,Yes,740.43,From RDC,"Efavirenz 200mg, capsule, 90 Caps",11.44,422,7152.9,PMO - US,"Aurobindo Unit III, India",Efavirenz,16.95,N/A - From RDC,SO-499,Pre-PQ Process,Pre-PQ Process,ARV,111-MZ-T01,15-Aug-07,Air,Pediatric,90,0.19,SCMS from RDC,N/A - From RDC,514
1519,ASN-1439,Norvir,Vietnam,28-Mar-08,28-Mar-08,100mg,Capsule,Yes,2535.4,Direct Drop,"Ritonavir 100mg [Norvir], capsules, cool, 4 x 84 Caps",29.33,100,18333.0,PMO - US,ABBVIE (Abbott) Logis. UK,Ritonavir,183.33,11/21/07,SCMS-14170,Pre-PQ Process,Pre-PQ Process,ARV,108-VN-T01,28-Mar-08,Air,Adult,336,0.55,ABBVIE LOGISTICS (FORMERLY ABBOTT LOGISTICS BV),FCA,337
11592,DN-968,Generic,Uganda,09-Dec-08,09-Dec-08,150/300/200mg,Tablet - FDC,No,See DN-968 (ID#:11289),From RDC,"Lamivudine/Nevirapine/Zidovudine 150/200/300mg, tablets, 60 Tabs",108.79,4704,55507.2,PMO - US,"Aurobindo Unit III, India",Lamivudine/Nevirapine/Zidovudine,11.8,N/A - From RDC,SO-17430,Pre-PQ Process,Pre-PQ Process,ARV,114-UG-T01,09-Dec-08,Air,Adult,60,0.2,SCMS from RDC,N/A - From RDC,See DN-968 (ID#:11289)
1643,ASN-1469,Generic,CÃte dIvoire,04-Apr-08,04-Apr-08,MIssing,Test kit - Ancillary,Yes,Invoiced Separately,Direct Drop,"HIV, Lancet, Safety, for HIV Test kits, 100 Pcs",0,70,0.7,PMO - US,Inverness Japan,"HIV, Lancet, Safety, for HIV Test kits, 100 Pcs",0.01,2/28/08,SCMS-18420,Pre-PQ Process,Pre-PQ Process,HRDT,104-CI-T01,08-Apr-08,Air,HIV test - Ancillary,100,0.0,"Orgenics, Ltd",EXW,Weight Captured Separately
12234,DN-855,Generic,Zambia,20-Aug-08,20-Aug-08,600mg,Tablet,Yes,3558.49,From RDC,"Efavirenz 600mg, tablets, 30 Tabs",960.8,50000,600500.0,PMO - US,Mylan (formerly Matrix) Nashik,Efavirenz,12.01,N/A - From RDC,SO-2480,Pre-PQ Process,Pre-PQ Process,ARV,110-ZM-T01,20-Aug-08,Truck,Adult,30,0.4,SCMS from RDC,N/A - From RDC,3841
10961,DN-839,Generic,Zambia,20-Aug-08,20-Aug-08,150/200/30mg,Tablet - FDC,Yes,6051.02,From RDC,"Lamivudine/Nevirapine/Stavudine 150/200/30mg, tablets, 60 Tabs",460.8,40000,288000.0,PMO - US,"Strides, Bangalore, India.",Lamivudine/Nevirapine/Stavudine,7.2,N/A - From RDC,SO-2550,Pre-PQ Process,Pre-PQ Process,ARV,110-ZM-T01,20-Aug-08,Truck,Adult,60,0.12,SCMS from RDC,N/A - From RDC,7393
12180,DN-839,Generic,Zambia,20-Aug-08,20-Aug-08,150/200/30mg,Tablet - FDC,No,See DN-839 (ID#:10961),From RDC,"Lamivudine/Nevirapine/Stavudine 150/200/30mg, tablets, 60 Tabs",691.2,60000,432000.0,PMO - US,"Strides, Bangalore, India.",Lamivudine/Nevirapine/Stavudine,7.2,N/A - From RDC,SO-2550,Pre-PQ Process,Pre-PQ Process,ARV,110-ZM-T01,20-Aug-08,Truck,Adult,60,0.12,SCMS from RDC,N/A - From RDC,See DN-839 (ID#:10961)
5658,ASN-1614,Uni-Gold,Uganda,02-Jun-08,02-Jun-08,MIssing,Test kit,Yes,1253.98,Direct Drop,"HIV 1/2, Uni-Gold HIV Kit, 20 Tests",4.35,85,2720.0,PMO - US,"Trinity Biotech, Plc","HIV 1/2, Uni-Gold HIV Kit",32.0,3/13/08,SCMS-18910,Pre-PQ Process,Pre-PQ Process,HRDT,114-UG-T01,02-Jun-08,Air,HIV test,20,1.6,"Trinity Biotech, Plc",EXW,85
12760,DN-601,Trizivir,Mozambique,05-Apr-08,05-Apr-08,300/150/300mg,Tablet - FDC,No,See DN-601 (ID#:10651),From RDC,"Abacavir/Lamivudine/Zidovudine 300/150/300mg [Trizivir], tablets, 60 Tabs",231.5,2067,144690.0,PMO - US,GSK Ware (UK),Abacavir/Lamivudine/Zidovudine,70.0,N/A - From RDC,SO-1039,Pre-PQ Process,Pre-PQ Process,ARV,111-MZ-T01,08-Apr-08,Air,Adult,60,1.17,SCMS from RDC,N/A - From RDC,See DN-601 (ID#:10651)
12321,DN-1433,Generic,Nigeria,20-Oct-09,20-Oct-09,150/300/200mg,Tablet - FDC,Yes,30983.24,From RDC,"Lamivudine/Nevirapine/Zidovudine 150/200/300mg, tablets, 60 Tabs",898.9,40230,458622.0,PMO - US,"Aurobindo Unit III, India",Lamivudine/Nevirapine/Zidovudine,11.4,N/A - From RDC,SO-33330,Pre-PQ Process,Date Not Captured,ARV,151-NG-T01,20-Oct-09,Air Charter,Adult,60,0.19,SCMS from RDC,N/A - From RDC,4531
12490,DN-744,Generic,Haiti,02-Jun-08,02-Jun-08,20mg,Capsule,No,See DN-744 (ID#:10684),From RDC,"Stavudine 20mg, capsules, 60 Caps",0.11,39,68.25,PMO - US,"Aurobindo Unit III, India",Stavudine,1.75,N/A - From RDC,SO-2053,Pre-PQ Process,Pre-PQ Process,ARV,106-HT-T01,02-Jun-08,Air,Adult,60,0.03,SCMS from RDC,N/A - From RDC,See DN-744 (ID#:10684)
10814,DN-121,Generic,Mozambique,18-May-07,18-May-07,20mg/ml,Oral solution,Yes,710.68,From RDC,"Abacavir 20mg/ml, oral solution, Bottle, 240 ml",MIssing,474,10191.0,PMO - US,"Aurobindo Unit III, India",Abacavir,21.5,N/A - From RDC,SO-497,Pre-PQ Process,Pre-PQ Process,ARV,111-MZ-T01,18-May-07,Air,Pediatric,240,0.09,SCMS from RDC,N/A - From RDC,221
10867,DN-356,Genie,CÃte dIvoire,19-Sep-07,19-Sep-07,MIssing,Test kit,Yes,6056.76,From RDC,"#108853** HIV, Genie II HIV-1/HIV-2 Kit, 40 Tests",27.97,230,17480.0,PMO - US,Bio-Rad Laboratories,"HIV, Genie II HIV-1/HIV-2 Kit",76.0,N/A - From RDC,SO-792,Pre-PQ Process,Pre-PQ Process,HRDT,104-CI-T01,19-Sep-07,MIssing,HIV test,40,1.9,SCMS from RDC,N/A - From RDC,917
12788,DN-744,Generic,Haiti,02-Jun-08,02-Jun-08,20mg/ml,Oral solution,No,See DN-744 (ID#:10684),From RDC,"Abacavir 20mg/ml, oral solution, Bottle, 240 ml",5.91,224,3696.0,PMO - US,"Aurobindo Unit III, India",Abacavir,16.5,N/A - From RDC,SO-2053,Pre-PQ Process,Pre-PQ Process,ARV,106-HT-T01,02-Jun-08,Air,Pediatric,240,0.07,SCMS from RDC,N/A - From RDC,See DN-744 (ID#:10684)
11452,DN-344,Generic,Mozambique,05-Oct-07,05-Oct-07,150/30mg,Tablet - FDC,No,See DN-344 (ID#:11173),From RDC,"Lamivudine/Stavudine 150/30mg, tablets, 30 Tabs",224,70000,140000.0,PMO - US,"Cipla, Goa, India",Lamivudine/Stavudine,2.0,N/A - From RDC,SO-924,Pre-PQ Process,Pre-PQ Process,ARV,111-MZ-T01,05-Oct-07,Air,Adult,30,0.07,SCMS from RDC,N/A - From RDC,See DN-344 (ID#:11173)
69,ASN-608,Determine,Nigeria,07-May-07,07-May-07,MIssing,Test kit,Yes,Freight Included in Commodity Cost,Direct Drop,"HIV 1/2, Determine Complete HIV Kit, 100 Tests",192,1500,120000.0,PMO - US,ABBVIE GmbH & Co.KG Wiesbaden,"HIV 1/2, Determine Complete HIV Kit",80.0,Date Not Captured,SCMS-354,Pre-PQ Process,Pre-PQ Process,HRDT,102-NG-T01,07-May-07,MIssing,HIV test,100,0.8,ACCOUN NIGERIA LIMITED,CIP,Weight Captured Separately
1889,ASN-2080,Generic,Rwanda,23-Jul-08,23-Jul-08,150/300/200mg,Tablet - FDC,Yes,38120.96,Direct Drop,"Lamivudine/Nevirapine/Zidovudine 150/200/300mg, tablets, 60 Tabs",1160.86,61021,725539.69,PMO - US,"Aurobindo Unit III, India",Lamivudine/Nevirapine/Zidovudine,11.89,6/13/08,SCMS-25520,Pre-PQ Process,Pre-PQ Process,ARV,107-RW-T01,23-Jul-08,Air,Adult,60,0.2,Aurobindo Pharma Limited,CIP,6768
1942,ASN-2352,Determine,Nigeria,12-Sep-08,12-Sep-08,MIssing,Test kit,Yes,19992.75,Direct Drop,"HIV 1/2, Determine HIV Kit, without Lancets, 100 Tests",879.89,6875,549931.25,PMO - US,Inverness Japan,"HIV 1/2, Determine HIV Kit, without Lancets",79.99,8/21/08,SCMS-27070,Pre-PQ Process,Pre-PQ Process,HRDT,133-NG-T01,12-Sep-08,Air,HIV test,100,0.8,"Orgenics, Ltd",EXW,1566
10898,DN-376,Determine,CÃte dIvoire,02-Oct-07,02-Oct-07,MIssing,Test kit,No,See DN-376 (ID#:10628),From RDC,"HIV 1/2, Determine Complete HIV Kit, 100 Tests",40.32,350,25200.0,PMO - US,Inverness Japan,"HIV 1/2, Determine Complete HIV Kit",72.0,N/A - From RDC,SO-845,Pre-PQ Process,Pre-PQ Process,HRDT,104-CI-T01,02-Oct-07,Air,HIV test,100,0.72,SCMS from RDC,N/A - From RDC,See DN-376 (ID#:10628)
12379,DN-282,Generic,Mozambique,10-Oct-07,10-Oct-07,10mg/ml,Oral solution,No,See DN-282 (ID#:11144),From RDC,"Zidovudine 10mg/ml, oral solution, Bottle, 240 ml",48.98,7750,30612.5,PMO - US,"Aurobindo Unit III, India",Zidovudine,3.95,N/A - From RDC,SO-502,Pre-PQ Process,Pre-PQ Process,ARV,111-MZ-T01,10-Oct-07,Air,Pediatric,240,0.02,SCMS from RDC,N/A - From RDC,See DN-282 (ID#:11144)
11194,DN-423,Trizivir,CÃte dIvoire,13-Nov-07,13-Nov-07,300/150/300mg,Tablet - FDC,Yes,10137.04,From RDC,"Abacavir/Lamivudine/Zidovudine 300/150/300mg [Trizivir], tablets, 60 Tabs",234.96,3300,146850.0,PMO - US,GSK Ware (UK),Abacavir/Lamivudine/Zidovudine,44.5,N/A - From RDC,SO-1245,Pre-PQ Process,Pre-PQ Process,ARV,104-CI-T01,13-Nov-07,Air,Adult,60,0.74,SCMS from RDC,N/A - From RDC,2143
12922,DN-1473,Kaletra,Ghana,12-Aug-09,12-Aug-09,80/20mg/ml,Oral solution,No,See DN-1473 (ID#:11358),From RDC,"Lopinavir/Ritonavir 80/20mg/ml [Kaletra], oral solution, cool, Bottle 5 x 60 ml",0.01,276,2.76,PMO - US,ABBVIE (Abbott) Logis. UK,Lopinavir/Ritonavir,0.01,N/A - From RDC,SO-33650,Pre-PQ Process,Date Not Captured,ARV,100-GH-T01,30-Sep-09,Truck,Pediatric,300,0.0,SCMS from RDC,N/A - From RDC,See DN-1473 (ID#:11358)
11553,DN-690,Generic,Haiti,14-Apr-08,14-Apr-08,150/300mg,Tablet - FDC,No,See DN-690 (ID#:10706),From RDC,"Lamivudine/Zidovudine 150/300mg, tablets, 60 Tabs",368.1,24345,230060.25,PMO - US,"Aurobindo Unit III, India",Lamivudine/Zidovudine,9.45,N/A - From RDC,SO-2055,Pre-PQ Process,Pre-PQ Process,ARV,106-HT-T01,14-Apr-08,Air,Adult,60,0.16,SCMS from RDC,N/A - From RDC,See DN-690 (ID#:10706)
12413,DN-382,Bioline,Zimbabwe,05-Oct-07,05-Oct-07,MIssing,Test kit,Yes,3085.84,From RDC,"HIV 1/2, Bioline 3.0 Kit, Lancets, Capillary pipets, Alcohol swabs included, 25 Tests",79.74,2492,49840.0,PMO - US,"Standard Diagnostics, Korea","HIV 1/2, Bioline 3.0 Kit, Lancets, Capillary pipets, Alcohol swabs included",20.0,N/A - From RDC,SO-891,Pre-PQ Process,Pre-PQ Process,HRDT,113-ZW-T01,05-Oct-07,Truck,HIV test,25,0.8,SCMS from RDC,N/A - From RDC,738
11703,DN-16,Viread,CÃte dIvoire,22-Feb-07,22-Feb-07,300mg,Tablet,No,See DN-16 (ID#:10540),From RDC,"Tenofovir Disoproxil Fumarate 300mg [Viread], tablets, 30 Tabs",MIssing,384,6528.0,PMO - US,Gilead(Nycomed) Oranienburg DE,Tenofovir Disoproxil Fumarate,17.0,N/A - From RDC,SO-283,Pre-PQ Process,Pre-PQ Process,ARV,100-CI-T01,22-Feb-07,MIssing,Adult,30,0.57,SCMS from RDC,N/A - From RDC,See DN-16 (ID#:10540)
12841,DN-1037,Generic,Ethiopia,19-Dec-08,19-Dec-08,10mg/ml,Oral solution,Yes,4983.22,From RDC,"Lamivudine 10mg/ml, oral solution, Bottle, 240 ml",7.47,2005,3809.5,PMO - US,"Aurobindo Unit III, India",Lamivudine,1.9,N/A - From RDC,SO-21350,Pre-PQ Process,Pre-PQ Process,ARV,117-ET-T01,19-Dec-08,Air,Pediatric,240,0.01,SCMS from RDC,N/A - From RDC,692
10651,DN-601,Generic,Mozambique,05-Apr-08,05-Apr-08,30mg,Capsule,Yes,8118.64,From RDC,"Stavudine 30mg, capsules, 60 Caps",0.29,120,182.4,PMO - US,"Aurobindo Unit III, India",Stavudine,1.52,N/A - From RDC,SO-1039,Pre-PQ Process,Pre-PQ Process,ARV,111-MZ-T01,08-Apr-08,Air,Adult,60,0.03,SCMS from RDC,N/A - From RDC,5092
11070,DN-1443,Generic,Nigeria,20-Oct-09,20-Oct-09,200/300mg,Tablet - FDC,Yes,9341.49,From RDC,"Emtricitabine/Tenofovir Disoproxil Fumarate 200/300mg, tablets, 30 Tabs",10.16,441,5181.75,PMO - US,Mylan (formerly Matrix) Nashik,Emtricitabine/Tenofovir Disoproxil Fumarate,11.75,N/A - From RDC,SO-27824,Pre-PQ Process,Date Not Captured,ARV,151-NG-T01,20-Oct-09,Air Charter,Adult,30,0.39,SCMS from RDC,N/A - From RDC,36
12785,DN-828,Generic,Zambia,29-Jul-08,29-Jul-08,150/300mg,Tablet - FDC,No,See DN-828 (ID#:10678),From RDC,"Lamivudine/Zidovudine 150/300mg, tablets, 60 Tabs",143.25,9474,89529.3,PMO - US,"Aurobindo Unit III, India",Lamivudine/Zidovudine,9.45,N/A - From RDC,SO-2485,Pre-PQ Process,Pre-PQ Process,ARV,110-ZM-T01,29-Jul-08,Truck,Adult,60,0.16,SCMS from RDC,N/A - From RDC,See DN-828 (ID#:10678)
10797,DN-1464,Generic,Uganda,08-Oct-09,08-Oct-09,150/200/30mg,Tablet - FDC,Yes,1173.1,From RDC,"Lamivudine/Nevirapine/Stavudine 150/200/30mg, tablets, 60 Tabs",3.29,240,1680.0,PMO - US,"Cipla, Goa, India",Lamivudine/Nevirapine/Stavudine,7.0,N/A - From RDC,SO-33570,Pre-PQ Process,Date Not Captured,ARV,114-UG-T01,08-Oct-09,Air,Adult,60,0.12,SCMS from RDC,N/A - From RDC,23
9673,ASN-1794,Generic,Vietnam,02-Jun-08,02-Jun-08,100mg,Capsule,Yes,2869.03,Direct Drop,"Zidovudine 100mg, capsules, 100 Caps",12.3,1400,7686.0,PMO - US,"Aurobindo Unit III, India",Zidovudine,5.49,3/31/08,SCMS-20520,Pre-PQ Process,Pre-PQ Process,ARV,108-VN-T01,02-Jun-08,Air,Pediatric,100,0.05,Aurobindo Pharma Limited,EXW,106
7779,ASN-4244,Viramune,South Africa,17-Apr-09,17-Apr-09,200mg,Tablet,No,Freight Included in Commodity Cost,Direct Drop,"Nevirapine 200mg [Viramune], tablets, 60 Tabs",9.86,300,5031.0,PMO - US,"Boehringer Ing., Koropi, GR",Nevirapine,16.77,04-02-09,SCMS-47430,Pre-PQ Process,Pre-PQ Process,ARV,116-ZA-T01,15-May-09,Truck,Adult,60,0.28,S. BUYS WHOLESALER,DDP,Weight Captured Separately
10786,DN-1361,Generic,Zambia,04-Sep-09,04-Sep-09,300mg,Tablet,Yes,2448.71,From RDC,"Zidovudine 300mg, tablets, 60 Tabs",146.58,9700,74787.0,PMO - US,"Aurobindo Unit III, India",Zidovudine,7.71,N/A - From RDC,SO-31950,Pre-PQ Process,Date Not Captured,ARV,110-ZM-T01,04-Sep-09,Truck,Adult,60,0.13,SCMS from RDC,N/A - From RDC,551
12199,DN-678,Determine,Botswana,25-Mar-08,25-Mar-08,MIssing,Test kit,Yes,1220.73,From RDC,"HIV 1/2, Determine HIV Kit, without Lancets, 100 Tests",23.04,200,14398.0,PMO - US,Inverness Japan,"HIV 1/2, Determine HIV Kit, without Lancets",71.99,N/A - From RDC,SO-2041,Pre-PQ Process,Pre-PQ Process,HRDT,102-BW-T01,25-Mar-08,Truck,HIV test,100,0.72,SCMS from RDC,N/A - From RDC,1693
3768,ASN-4304,Generic,South Africa,08-Apr-09,08-Apr-09,200mg,Capsule,No,Freight Included in Commodity Cost,Direct Drop,"Efavirenz 200mg, capsule, 90 Caps",84.99,2000,43360.0,PMO - US,"Aurobindo Unit III, India",Efavirenz,21.68,3/27/09,SCMS-41582,Pre-PQ Process,Pre-PQ Process,ARV,116-ZA-T01,25-Jun-09,Air,Pediatric,90,0.24,S. BUYS WHOLESALER,DDP,Weight Captured Separately
2481,ASN-4332,Zerit,South Africa,23-Apr-09,23-Apr-09,20mg,Capsule,No,See ASN-4332 (ID#:1115),Direct Drop,"Stavudine 20mg [Zerit], capsules, 60 Caps",0.59,76,300.2,PMO - US,"BMS Meymac, France",Stavudine,3.95,04-02-09,SCMS-47500,Pre-PQ Process,Pre-PQ Process,ARV,116-ZA-T01,15-May-09,Truck,Adult,60,0.07,S. BUYS WHOLESALER,DDP,See ASN-4332 (ID#:1115)
11381,DN-43,Viread,Rwanda,17-Mar-07,17-Mar-07,300mg,Tablet,Yes,11931,From RDC,"Tenofovir Disoproxil Fumarate 300mg [Viread], tablets, 30 Tabs",MIssing,4000,68000.0,PMO - US,Gilead(Nycomed) Oranienburg DE,Tenofovir Disoproxil Fumarate,17.0,N/A - From RDC,SO-396,Pre-PQ Process,Pre-PQ Process,ARV,107-RW-T01,17-Mar-07,Air,Adult,30,0.57,SCMS from RDC,N/A - From RDC,265
10764,DN-1215,Generic,Mozambique,28-Jun-09,28-Jun-09,150/200/30mg,Tablet - FDC,Yes,3599.76,From RDC,"Lamivudine/Nevirapine/Stavudine 150/200/30mg, tablets, 60 Tabs",668.8,47392,341222.4,PMO - US,"Cipla, Goa, India",Lamivudine/Nevirapine/Stavudine,7.2,N/A - From RDC,SO-28550,Pre-PQ Process,Pre-PQ Process,ARV,111-MZ-T01,28-Jun-09,Air,Adult,60,0.12,SCMS from RDC,N/A - From RDC,7113
12329,DN-1528,Generic,Uganda,23-Nov-09,23-Nov-09,150/30mg,Tablet - FDC,Yes,396.08,From RDC,"Lamivudine/Stavudine 150/30mg, tablets, 60 Tabs",0.52,60,240.0,PMO - US,"Cipla, Goa, India",Lamivudine/Stavudine,4.0,N/A - From RDC,SO-34290,Pre-PQ Process,Date Not Captured,ARV,114-UG-T01,23-Nov-09,Air,Adult,60,0.07,SCMS from RDC,N/A - From RDC,4
11101,DN-122,Generic,Zambia,04-May-07,04-May-07,600mg,Tablet,No,See DN-122 (ID#:11100),From RDC,"Efavirenz 600mg, tablets, 30 Tabs",MIssing,50112,814821.12,PMO - US,"Aurobindo Unit III, India",Efavirenz,16.26,N/A - From RDC,SO-310,Pre-PQ Process,Pre-PQ Process,ARV,110-ZM-T01,04-May-07,MIssing,Adult,30,0.54,SCMS from RDC,N/A - From RDC,See DN-122 (ID#:11100)
10957,DN-677,Generic,Zambia,28-Mar-08,28-Mar-08,600mg,Tablet,Yes,1890.76,From RDC,"Efavirenz 600mg, tablets, 30 Tabs",86.09,4332,53803.44,PMO - US,Mylan (formerly Matrix) Nashik,Efavirenz,12.42,N/A - From RDC,SO-1993,Pre-PQ Process,Pre-PQ Process,ARV,110-ZM-T01,28-Mar-08,Air,Adult,30,0.41,SCMS from RDC,N/A - From RDC,338
12050,DN-209,Generic,Nigeria,03-Jul-07,03-Jul-07,150mg,Tablet,No,See DN-209 (ID#:11136),From RDC,"Lamivudine 150mg, tablets, 60 Tabs",2.92,552,1827.12,PMO - US,"Ranbaxy, Paonta Shahib, India",Lamivudine,3.31,N/A - From RDC,SO-563,Pre-PQ Process,Pre-PQ Process,ARV,112-NG-T01,03-Jul-07,MIssing,Adult,60,0.06,SCMS from RDC,N/A - From RDC,See DN-209 (ID#:11136)
3746,ASN-3637,Generic,South Africa,22-Jan-09,22-Jan-09,1mg/ml,Oral solution,Yes,Freight Included in Commodity Cost,Direct Drop,"Stavudine 1mg/ml, powder for oral solution, 200 ml",11.7,3000,5970.0,PMO - US,"Aurobindo Unit III, India",Stavudine,1.99,Date Not Captured,SCMS-41080,Pre-PQ Process,Pre-PQ Process,ARV,116-ZA-T01,26-May-09,Air,Pediatric,200,0.01,S. BUYS WHOLESALER,DDP,Weight Captured Separately
7736,ASN-3735,Kaletra,South Africa,21-Jan-09,21-Jan-09,80/20mg/ml,Oral solution,Yes,Freight Included in Commodity Cost,Direct Drop,"Lopinavir/Ritonavir 80/20mg/ml [Kaletra], oral solution, cool, Bottle 5 x 60 ml",4.24,70,2163.7,PMO - US,ABBVIE (Abbott) Logis. UK,Lopinavir/Ritonavir,30.91,Date Not Captured,SCMS-41200,Pre-PQ Process,Pre-PQ Process,ARV,116-ZA-T01,30-Mar-09,Air,Pediatric,300,0.1,S. BUYS WHOLESALER,DDP,Weight Captured Separately
10863,DN-298,Generic,Uganda,27-Aug-07,27-Aug-07,200mg,Tablet,Yes,891,From RDC,"Nevirapine 200mg, tablets, 60 Tabs",10.11,1859,6320.6,PMO - US,"Aurobindo Unit III, India",Nevirapine,3.4,N/A - From RDC,SO-895,Pre-PQ Process,Pre-PQ Process,ARV,114-UG-T01,27-Aug-07,Air,Adult,60,0.06,SCMS from RDC,N/A - From RDC,214
1095,ASN-4896,OraQuick,Botswana,13-Nov-09,13-Nov-09,MIssing,Test kit,Yes,1172.11,Direct Drop,"HIV 1/2, OraQuick Advance HIV Rapid Antibody Kit, 100 Tests",13.72,20,7000.0,PMO - US,"Pacific Biotech, Thailand","HIV 1/2, OraQuick Advance HIV Rapid Antibody Kit",350.0,3/25/09,SCMS-41870,Pre-PQ Process,Pre-PQ Process,HRDT,144-BW-T01,13-Nov-09,Air,HIV test,100,3.5,Orasure Technologies Inc.,EXW,48
1928,ASN-2488,Videx EC,South Africa,08-Jul-08,08-Jul-08,250mg,Delayed-release capsules - blister,No,Freight Included in Commodity Cost,Direct Drop,"Didanosine EC 250mg [Videx EC], delayed-release capsules, Blister 3 x 10 Caps",1.75,60,1096.2,PMO - US,"BMS Meymac, France",Didanosine EC,18.27,Date Not Captured,SCMS-26820,Pre-PQ Process,Pre-PQ Process,ARV,116-ZA-T01,10-Jul-08,Truck,Adult,30,0.61,S. BUYS WHOLESALER,DDP,Weight Captured Separately
10813,DN-89,Uni-Gold,Zambia,04-May-07,04-May-07,MIssing,Test kit,Yes,4965.24,From RDC,"HIV 1/2, Uni-Gold HIV Kit, 20 Tests",MIssing,1500,48000.0,PMO - US,"Trinity Biotech, Plc","HIV 1/2, Uni-Gold HIV Kit",32.0,N/A - From RDC,SO-232,Pre-PQ Process,Pre-PQ Process,HRDT,110-ZM-T01,04-May-07,MIssing,HIV test,20,1.6,SCMS from RDC,N/A - From RDC,580
5676,ASN-1665,Epivir,South Africa,24-Apr-08,24-Apr-08,150mg,Tablet,No,Freight Included in Commodity Cost,Direct Drop,"Lamivudine 150mg [Epivir], tablets, 60 Tabs",26.16,3000,16350.0,PMO - US,GSK Cape Town Factory (South Africa),Lamivudine,5.45,2/20/08,SCMS-19800,Pre-PQ Process,Pre-PQ Process,ARV,116-ZA-T01,24-Apr-08,Truck,Adult,60,0.09,S. BUYS WHOLESALER,DDP,Weight Captured Separately
10684,DN-744,Generic,Haiti,02-Jun-08,02-Jun-08,30mg,Capsule,Yes,12508.65,From RDC,"Stavudine 30mg, capsules, 60 Caps",11.49,4725,7182.0,PMO - US,"Aurobindo Unit III, India",Stavudine,1.52,N/A - From RDC,SO-2053,Pre-PQ Process,Pre-PQ Process,ARV,106-HT-T01,02-Jun-08,Air,Adult,60,0.03,SCMS from RDC,N/A - From RDC,1154
12110,DN-332,Generic,Ethiopia,04-Sep-07,04-Sep-07,150mg,Tablet,No,See DN-332 (ID#:10613),From RDC,"Lamivudine 150mg, tablets, 60 Tabs",227.9,46855,142439.2,PMO - US,"Aurobindo Unit III, India",Lamivudine,3.04,N/A - From RDC,SO-914,Pre-PQ Process,Pre-PQ Process,ARV,117-ET-T01,04-Sep-07,MIssing,Adult,60,0.05,SCMS from RDC,N/A - From RDC,See DN-332 (ID#:10613)
1972,ASN-2592,Stat-Pak,Ethiopia,13-Oct-08,13-Oct-08,MIssing,Test kit,Yes,11066.17,Direct Drop,"HIV 1/2, Stat-Pak HIV, Kit, 20 Tests",257.39,5958,160866.0,PMO - US,Chembio Diagnostics Sys. Inc.,"HIV 1/2, Stat-Pak HIV, Kit",27.0,7/30/08,SCMS-27800,Pre-PQ Process,Pre-PQ Process,HRDT,117-ET-T01,03-Nov-08,Air,HIV test,20,1.35,"CHEMBIO DIAGNOSTIC SYSTEMS, INC.",EXW,2147
12501,DN-641,Determine,CÃte dIvoire,03-Mar-08,03-Mar-08,MIssing,Test kit,No,See DN-641 (ID#:10695),From RDC,"HIV 1/2, Determine HIV Kit, without Lancets, 100 Tests",173.35,1505,108344.95,PMO - US,Inverness Japan,"HIV 1/2, Determine HIV Kit, without Lancets",71.99,N/A - From RDC,SO-791,Pre-PQ Process,Pre-PQ Process,HRDT,104-CI-T01,03-Mar-08,MIssing,HIV test,100,0.72,SCMS from RDC,N/A - From RDC,See DN-641 (ID#:10695)
10965,DN-787,Truvada,Nigeria,04-Jul-08,04-Jul-08,300/200mg,Tablet - FDC,Yes,9904.65,From RDC,"Emtricitabine/Tenofovir Disoproxil Fumarate 200/300mg [Truvada], tablets, 30 Tabs",630,15000,393750.0,PMO - US,"Aspen-OSD, Port Elizabeth, SA",Emtricitabine/Tenofovir Disoproxil Fumarate,26.25,N/A - From RDC,SO-2680,Pre-PQ Process,Pre-PQ Process,ARV,132-NG-T01,04-Jul-08,Air,Adult,30,0.88,SCMS from RDC,N/A - From RDC,1365
11052,DN-1262,Generic,Uganda,01-Jun-09,01-Jun-09,300mg,Tablet,Yes,1053.86,From RDC,"Zidovudine 300mg, tablets, 60 Tabs",1.59,105,809.55,PMO - US,"Aurobindo Unit III, India",Zidovudine,7.71,N/A - From RDC,SO-31140,Pre-PQ Process,Pre-PQ Process,ARV,114-UG-T01,01-Jun-09,Air,Adult,60,0.13,SCMS from RDC,N/A - From RDC,6
64,ASN-242,Generic,Rwanda,27-Feb-07,27-Feb-07,150/300mg,Tablet - FDC,Yes,64179.42,Direct Drop,"Lamivudine/Zidovudine 150/300mg, tablets, 60 Tabs",MIssing,10000,99800.0,PMO - US,"Cipla, Goa, India",Lamivudine/Zidovudine,9.98,12/22/06,SCMS-268,Pre-PQ Process,Pre-PQ Process,ARV,107-RW-T01,27-Feb-07,Air,Adult,60,0.17,CIPLA LIMITED,EXW,7416
12683,DN-290,Aluvia,Tanzania,10-Sep-07,10-Sep-07,200/50mg,Tablet,No,See DN-290 (ID#:10859),From RDC,"Lopinavir/Ritonavir 200/50mg [Aluvia], tablets, 120 Tabs",273.23,4155,170770.5,PMO - US,ABBVIE Ludwigshafen Germany,Lopinavir/Ritonavir,41.1,N/A - From RDC,SO-455,Pre-PQ Process,Pre-PQ Process,ARV,109-TZ-T01,10-Sep-07,MIssing,Adult,120,0.34,SCMS from RDC,N/A - From RDC,See DN-290 (ID#:10859)
1361,ASN-631,Aluvia,Vietnam,27-Aug-07,27-Aug-07,200/50mg,Tablet,Yes,1767.38,Direct Drop,"Lopinavir/Ritonavir 200/50mg [Aluvia], tablets, 120 Tabs",65.75,500,41095.0,PMO - US,ABBVIE Ludwigshafen Germany,Lopinavir/Ritonavir,82.19,07-03-07,SCMS-757,Pre-PQ Process,Pre-PQ Process,ARV,108-VN-T01,27-Aug-07,Air,Adult,120,0.68,ABBVIE LOGISTICS (FORMERLY ABBOTT LOGISTICS BV),FCA,117
10809,DN-6,Generic,Rwanda,01-Feb-07,01-Feb-07,300mg,Tablet,Yes,913.15,From RDC,"Abacavir 300mg, tablets, 60 Tabs",MIssing,600,21480.0,PMO - US,"Aurobindo Unit III, India",Abacavir,35.8,N/A - From RDC,SO-249,Pre-PQ Process,Pre-PQ Process,ARV,107-RW-T01,01-Feb-07,Air,Adult,60,0.6,SCMS from RDC,N/A - From RDC,55
11493,DN-451,Aluvia,CÃte dIvoire,17-Jan-08,17-Jan-08,200/50mg,Tablet,No,See DN-451 (ID#:11205),From RDC,"Lopinavir/Ritonavir 200/50mg [Aluvia], tablets, 120 Tabs",0.26,4,164.4,PMO - US,ABBVIE (Abbott) Logis. UK,Lopinavir/Ritonavir,41.1,N/A - From RDC,SO-1298,Pre-PQ Process,Pre-PQ Process,ARV,104-CI-T01,17-Jan-08,Air,Adult,120,0.34,SCMS from RDC,N/A - From RDC,See DN-451 (ID#:11205)
4044,ASN-698,Bioline,Tanzania,16-Oct-07,16-Oct-07,MIssing,Test kit,Yes,28466.06,Direct Drop,"HIV 1/2, Bioline 3.0 Kit, Lancets, Capillary pipets, Alcohol swabs included, 25 Tests",320,10000,200000.0,PMO - US,"Standard Diagnostics, Korea","HIV 1/2, Bioline 3.0 Kit, Lancets, Capillary pipets, Alcohol swabs included",20.0,Date Not Captured,SCMS-10260,Pre-PQ Process,Pre-PQ Process,HRDT,109-TZ-T01,16-Oct-07,Air,HIV test,25,0.8,"Standard Diagnostics, Inc.",EXW,3338
1801,ASN-2293,Kaletra,South Africa,08-May-08,08-May-08,133.3/33.3mg,Capsule,No,Freight Included in Commodity Cost,Direct Drop,"Lopinavir/Ritonavir 133.3/33.3mg [Kaletra], capsules, cool, 2 x 90 Caps",39.65,670,24783.3,PMO - US,ABBVIE (Abbott) Logis. UK,Lopinavir/Ritonavir,36.99,Date Not Captured,SCMS-23500,Pre-PQ Process,Pre-PQ Process,ARV,116-ZA-T01,20-Aug-08,Truck,Adult,180,0.21,S. BUYS WHOLESALER,DDP,Weight Captured Separately
10777,DN-1284,Generic,Zambia,12-Jun-09,12-Jun-09,300mg,Tablet,Yes,2219.27,From RDC,"Zidovudine 300mg, tablets, 60 Tabs",90.67,6000,46260.0,PMO - US,"Aurobindo Unit III, India",Zidovudine,7.71,N/A - From RDC,SO-24960,Pre-PQ Process,Pre-PQ Process,ARV,110-ZM-T01,12-Jun-09,Air,Adult,60,0.13,SCMS from RDC,N/A - From RDC,341
10959,DN-770,Generic,Zimbabwe,09-Jun-08,09-Jun-08,150/30mg,Tablet - FDC,Yes,3335.15,From RDC,"Lamivudine/Stavudine 150/30mg, tablets, 30 Tabs",5.12,1600,3200.0,PMO - US,"Cipla, Goa, India",Lamivudine/Stavudine,2.0,N/A - From RDC,SO-716,Pre-PQ Process,Pre-PQ Process,ARV,100-ZW-T01,09-Jun-08,Air,Adult,30,0.07,SCMS from RDC,N/A - From RDC,422
11612,DN-865,Generic,Zambia,27-Aug-08,27-Aug-08,200mg,Tablet,Yes,6120.06,From RDC,"Nevirapine 200mg, tablets, 60 Tabs",241.75,44440,151096.0,PMO - US,"Aurobindo Unit III, India",Nevirapine,3.4,N/A - From RDC,SO-2489,Pre-PQ Process,Pre-PQ Process,ARV,110-ZM-T01,27-Aug-08,Truck,Adult,60,0.06,SCMS from RDC,N/A - From RDC,8276
12600,DN-1351,Truvada,Nigeria,04-Aug-09,04-Aug-09,300/200mg,Tablet - FDC,Yes,7445.8,From RDC,"Emtricitabine/Tenofovir Disoproxil Fumarate 200/300mg [Truvada], tablets, 30 Tabs",34.52,671,17613.75,PMO - US,"Aspen-OSD, Port Elizabeth, SA",Emtricitabine/Tenofovir Disoproxil Fumarate,26.25,N/A - From RDC,SO-27815,Pre-PQ Process,Date Not Captured,ARV,151-NG-T01,04-Aug-09,Air Charter,Adult,30,0.88,SCMS from RDC,N/A - From RDC,59
11378,DN-132,Generic,Nigeria,23-May-07,23-May-07,10mg/ml,Oral suspension,No,See DN-132 (ID#:11105),From RDC,"Nevirapine 10mg/ml, oral suspension, Bottle, 240 ml",MIssing,1181,4133.5,PMO - US,"Aurobindo Unit III, India",Nevirapine,3.5,N/A - From RDC,SO-329,Pre-PQ Process,Pre-PQ Process,ARV,112-NG-T01,23-May-07,MIssing,Pediatric,240,0.01,SCMS from RDC,N/A - From RDC,See DN-132 (ID#:11105)
11497,DN-485,Generic,Zambia,08-Jan-08,08-Jan-08,600mg,Tablet,Yes,12492,From RDC,"Efavirenz 600mg, tablets, 30 Tabs",877.05,44135,548156.7,PMO - US,Mylan (formerly Matrix) Nashik,Efavirenz,12.42,N/A - From RDC,SO-1032,Pre-PQ Process,Pre-PQ Process,ARV,110-ZM-T01,08-Jan-08,MIssing,Adult,30,0.41,SCMS from RDC,N/A - From RDC,3454
10063,ASN-2711,INSTi,Zimbabwe,15-Nov-08,15-Nov-08,MIssing,Test kit,Yes,Freight Included in Commodity Cost,Direct Drop,"#109440**HIV 1/2, INSTI HIV Antibody Individual POC, 1 Test",26.26,5000,13398.72,PMO - US,bioLytical Laboratories,"HIV 1/2, INSTI HIV Antibody Individual POC, 1 Test",2.68,10-10-08,SCMS-31850,Pre-PQ Process,Pre-PQ Process,HRDT,113-ZW-T01,15-Nov-08,Air,HIV test,1,2.68,BIOLYTICAL LABORATORIES INC.,CIP,Weight Captured Separately
10946,DN-709,Generic,Zimbabwe,21-Apr-08,21-Apr-08,150/200/30mg,Tablet - FDC,No,See DN-709 (ID#:10945),From RDC,"Lamivudine/Nevirapine/Stavudine 150/200/30mg, tablets, 60 Tabs",440.92,37240,275576.0,PMO - US,"Cipla, Goa, India",Lamivudine/Nevirapine/Stavudine,7.4,N/A - From RDC,SO-714,Pre-PQ Process,Pre-PQ Process,ARV,100-ZW-T01,21-Apr-08,Air,Adult,60,0.12,SCMS from RDC,N/A - From RDC,See DN-709 (ID#:10945)
12201,DN-678,Uni-Gold,Botswana,25-Mar-08,25-Mar-08,MIssing,Test kit,No,See DN-678 (ID#:12199),From RDC,"HIV 1/2, Uni-Gold HIV Kit, 20 Tests",51.2,1000,32000.0,PMO - US,"Trinity Biotech, Plc","HIV 1/2, Uni-Gold HIV Kit",32.0,N/A - From RDC,SO-2041,Pre-PQ Process,Pre-PQ Process,HRDT,102-BW-T01,25-Mar-08,Truck,HIV test,20,1.6,SCMS from RDC,N/A - From RDC,See DN-678 (ID#:12199)
11095,DN-70,Capillus,Rwanda,10-Apr-07,10-Apr-07,MIssing,Test kit,Yes,3684.6,From RDC,"HIV 1/2, Capillus HIV Kit, 100 Tests",MIssing,60,8340.0,PMO - US,"Trinity Biotech, Plc","HIV 1/2, Capillus HIV Kit",139.0,N/A - From RDC,SO-239,Pre-PQ Process,Pre-PQ Process,HRDT,107-RW-T01,10-Apr-07,Air,HIV test,100,1.39,SCMS from RDC,N/A - From RDC,353
11859,DN-823,Generic,Zambia,23-Jul-08,23-Jul-08,150/200/30mg,Tablet - FDC,No,See DN-823 (ID#:11271),From RDC,"Lamivudine/Nevirapine/Stavudine 150/200/30mg, tablets, 60 Tabs",576,50000,360000.0,PMO - US,"Strides, Bangalore, India.",Lamivudine/Nevirapine/Stavudine,7.2,N/A - From RDC,SO-2549,Pre-PQ Process,Pre-PQ Process,ARV,110-ZM-T01,23-Jul-08,Truck,Adult,60,0.12,SCMS from RDC,N/A - From RDC,See DN-823 (ID#:11271)
12258,DN-960,Generic,Nigeria,30-Oct-08,30-Oct-08,600mg,Tablet,No,See DN-960 (ID#:11945),From RDC,"Efavirenz 600mg, tablets, 30 Tabs",271.34,11527,138439.27,PMO - US,"Aurobindo Unit III, India",Efavirenz,12.01,N/A - From RDC,SO-2554,Pre-PQ Process,Pre-PQ Process,ARV,123-NG-T01,30-Oct-08,Air,Adult,30,0.4,SCMS from RDC,N/A - From RDC,See DN-960 (ID#:11945)
11957,DN-1157,Aluvia,CÃte dIvoire,20-Mar-09,20-Mar-09,200/50mg,Tablet,Yes,Invoiced Separately,From RDC,"Lopinavir/Ritonavir 200/50mg [Aluvia], tablets, 120 Tabs",142.1,1764,72500.4,PMO - US,ABBVIE Ludwigshafen Germany,Lopinavir/Ritonavir,41.1,N/A - From RDC,SO-27010,Pre-PQ Process,Pre-PQ Process,ARV,104-CI-T01,20-Mar-09,Air,Adult,120,0.34,SCMS from RDC,N/A - From RDC,Weight Captured Separately
3852,ASN-4419,Generic,Vietnam,10-Jul-09,10-Jul-09,150/300/200mg,Tablet - FDC,No,See ASN-4419 (ID#:3851),Direct Drop,"Lamivudine/Nevirapine/Zidovudine 150/200/300mg, tablets, 60 Tabs",76.49,3500,39025.0,PMO - US,"Aurobindo Unit III, India",Lamivudine/Nevirapine/Zidovudine,11.15,4/29/09,SCMS-45070,Pre-PQ Process,Pre-PQ Process,ARV,108-VN-T01,10-Jul-09,Air,Adult,60,0.19,Aurobindo Pharma Limited,EXW,See ASN-4419 (ID#:3851)
8213,ASN-1366,Bundi,Nigeria,24-Jan-08,24-Jan-08,MIssing,Test kit,Yes,Freight Included in Commodity Cost,Direct Drop,"HIV 1/2, Bundi Rapid HIV Kit, 25 Tests",36,600,22500.0,PMO - US,Not Applicable,"HIV 1/2, Bundi Rapid HIV Kit",37.5,12/20/07,SCMS-15060,Pre-PQ Process,Pre-PQ Process,HRDT,102-NG-T01,24-Jan-08,MIssing,HIV test,1,37.5,BUNDI INTERNATIONAL DIAGNOSTICS LTD,DDP,Weight Captured Separately
9567,ASN-1520,Viread,South Africa,04-Jan-08,04-Jan-08,300mg,Tablet,No,Freight Included in Commodity Cost,Direct Drop,"Tenofovir Disoproxil Fumarate 300mg [Viread], tablets, 30 Tabs",6.14,150,3838.5,PMO - US,"Aspen-OSD, Port Elizabeth, SA",Tenofovir Disoproxil Fumarate,25.59,01-04-08,SCMS-16600,Pre-PQ Process,Pre-PQ Process,ARV,116-ZA-T01,21-Jan-08,MIssing,Adult,30,0.85,"JSI R&T INSTITUTE, INC.",DDP,Weight Captured Separately
12060,DN-184,Aluvia,Mozambique,11-Jul-07,11-Jul-07,200/50mg,Tablet,Yes,630.23,From RDC,"Lopinavir/Ritonavir 200/50mg [Aluvia], tablets, 120 Tabs",MIssing,801,32921.1,PMO - US,ABBVIE Ludwigshafen Germany,Lopinavir/Ritonavir,41.1,N/A - From RDC,SO-578,Pre-PQ Process,Pre-PQ Process,ARV,111-MZ-T01,11-Jul-07,Air,Adult,120,0.34,SCMS from RDC,N/A - From RDC,333
11156,DN-297,Generic,Uganda,17-Oct-07,17-Oct-07,30mg,Capsule,Yes,632.6,From RDC,"Stavudine 30mg, capsules, 60 Caps",0.72,294,446.88,PMO - US,"Strides, Bangalore, India.",Stavudine,1.52,N/A - From RDC,SO-896,Pre-PQ Process,Pre-PQ Process,ARV,114-UG-T01,17-Oct-07,MIssing,Adult,60,0.03,SCMS from RDC,N/A - From RDC,14
6563,ASN-4837,Generic,South Africa,03-Aug-09,03-Aug-09,200mg,Capsule,No,Freight Included in Commodity Cost,Direct Drop,"Efavirenz 200mg, capsule, 90 Caps",6.94,140,3540.6,PMO - US,"Aurobindo Unit III, India",Efavirenz,25.29,06-05-09,SCMS-47051,Pre-PQ Process,Pre-PQ Process,ARV,116-ZA-T01,12-Oct-09,Truck,Pediatric,90,0.28,S. BUYS WHOLESALER,DDP,Weight Captured Separately
5051,ASN-3732,Stocrin/Sustiva,South Africa,21-Jan-09,21-Jan-09,50mg,Capsule,No,Freight Included in Commodity Cost,Direct Drop,"Efavirenz 50mg [Stocrin/Sustiva], capsule, 30 Caps",0.37,80,188.8,PMO - US,"MSD Midrand, Jburg, SA",Efavirenz,2.36,Date Not Captured,SCMS-41190,Pre-PQ Process,Pre-PQ Process,ARV,116-ZA-T01,30-Mar-09,Air,Pediatric,30,0.08,S. BUYS WHOLESALER,DDP,Weight Captured Separately
12774,DN-589,Generic,Uganda,28-Feb-08,28-Feb-08,200mg,Tablet,No,See DN-589 (ID#:10670),From RDC,"Nevirapine 200mg, tablets, 60 Tabs",1.78,328,1115.2,PMO - US,"Ranbaxy, Paonta Shahib, India",Nevirapine,3.4,N/A - From RDC,SO-1082,Pre-PQ Process,Pre-PQ Process,ARV,114-UG-T01,28-Feb-08,MIssing,Adult,60,0.06,SCMS from RDC,N/A - From RDC,See DN-589 (ID#:10670)
11295,DN-1084,Truvada,Uganda,05-Mar-09,05-Mar-09,300/200mg,Tablet - FDC,Yes,2151.27,From RDC,"Emtricitabine/Tenofovir Disoproxil Fumarate 200/300mg [Truvada], tablets, 30 Tabs",19.65,382,10027.5,PMO - US,"Aspen-OSD, Port Elizabeth, SA",Emtricitabine/Tenofovir Disoproxil Fumarate,26.25,N/A - From RDC,SO-17753,Pre-PQ Process,Pre-PQ Process,ARV,114-UG-T01,05-Mar-09,Air,Adult,30,0.88,SCMS from RDC,N/A - From RDC,177
12282,DN-1228,Generic,Zambia,08-Jun-09,08-Jun-09,600mg,Tablet,No,See DN-1228 (ID#:11638),From RDC,"Efavirenz 600mg, tablets, 30 Tabs",248.93,11546,127006.0,PMO - US,Mylan (formerly Matrix) Nashik,Efavirenz,11.0,N/A - From RDC,SO-17611,Pre-PQ Process,Pre-PQ Process,ARV,110-ZM-T01,08-Jun-09,Truck,Adult,30,0.37,SCMS from RDC,N/A - From RDC,See DN-1228 (ID#:11638)
16,ASN-55,Generic,Vietnam,11-Aug-06,11-Aug-06,30mg,Capsule,Yes,45450.08,Direct Drop,"Stavudine 30mg, capsules, 60 Caps",MIssing,38000,121600.0,PMO - US,"Aurobindo Unit III, India",Stavudine,3.2,Date Not Captured,SCMS-81,Pre-PQ Process,Pre-PQ Process,ARV,108-VN-T01,11-Aug-06,Air,Adult,60,0.05,Aurobindo Pharma Limited,EXW,7590
11839,DN-569,Generic,CÃte dIvoire,29-Jan-08,29-Jan-08,150/200/30mg,Tablet - FDC,No,See DN-569 (ID#:11224),From RDC,"Lamivudine/Nevirapine/Stavudine 150/200/30mg, tablets, 60 Tabs",266.4,22500,166500.0,PMO - US,"Cipla, Goa, India",Lamivudine/Nevirapine/Stavudine,7.4,N/A - From RDC,SO-1104,Pre-PQ Process,Pre-PQ Process,ARV,104-CI-T01,29-Jan-08,Air,Adult,60,0.12,SCMS from RDC,N/A - From RDC,See DN-569 (ID#:11224)
11483,DN-434,Stocrin/Sustiva,CÃte dIvoire,22-Nov-07,22-Nov-07,30mg/ml,Oral solution,Yes,25563,From RDC,"Efavirenz 30mg/ml [Stocrin/Sustiva], oral solution, Bottle, 180 ml",46.01,3027,28756.5,PMO - US,"MSD, Haarlem, NL",Efavirenz,9.5,N/A - From RDC,SO-1101,Pre-PQ Process,Pre-PQ Process,ARV,104-CI-T01,22-Nov-07,Air,Pediatric,180,0.05,SCMS from RDC,N/A - From RDC,9248
9225,ASN-4596,Aluvia,Nigeria,03-Sep-09,03-Sep-09,200/50mg,Tablet,Yes,10490.77,Direct Drop,"Lopinavir/Ritonavir 200/50mg [Aluvia], tablets, 120 Tabs",402.78,5000,205500.0,PMO - US,ABBVIE Ludwigshafen Germany,Lopinavir/Ritonavir,41.1,7/13/09,SCMS-48440,Pre-PQ Process,Pre-PQ Process,ARV,123-NG-T01,03-Sep-09,Air,Adult,120,0.34,ABBVIE LOGISTICS (FORMERLY ABBOTT LOGISTICS BV),FCA,1246
3772,ASN-4603,Generic,South Africa,05-Jun-09,05-Jun-09,150mg,Tablet,Yes,Freight Included in Commodity Cost,Direct Drop,"Lamivudine 150mg, tablets, 60 Tabs",0.5,36,254.88,PMO - US,"Aurobindo Unit III, India",Lamivudine,7.08,3/27/09,SCMS-41580,Pre-PQ Process,Pre-PQ Process,ARV,116-ZA-T01,25-Jun-09,Truck,Adult,60,0.12,S. BUYS WHOLESALER,DDP,Weight Captured Separately
12633,DN-99,Stocrin/Sustiva,Zambia,26-Apr-07,26-Apr-07,50mg,Capsule,Yes,574.56,From RDC,"Efavirenz 50mg [Stocrin/Sustiva], capsule, 30 Caps",MIssing,1030,3574.1,PMO - US,"MSD Manati, Puerto Rico, (USA)",Efavirenz,3.47,N/A - From RDC,SO-478,Pre-PQ Process,Pre-PQ Process,ARV,110-ZM-T01,26-Apr-07,MIssing,Pediatric,30,0.12,SCMS from RDC,N/A - From RDC,48
10536,DN-13,Stocrin/Sustiva,Mozambique,08-Jan-07,08-Jan-07,50mg,Capsule,No,See DN-13 (ID#:10535),From RDC,"Efavirenz 50mg [Stocrin/Sustiva], capsule, 30 Caps",MIssing,341,1166.22,PMO - US,"MSD Manati, Puerto Rico, (USA)",Efavirenz,3.42,N/A - From RDC,SO-321,Pre-PQ Process,Pre-PQ Process,ARV,111-MZ-T01,08-Jan-07,Air,Pediatric,30,0.11,SCMS from RDC,N/A - From RDC,See DN-13 (ID#:10535)
2298,ASN-3562,Generic,Vietnam,10-Apr-09,10-Apr-09,150/300/200mg,Tablet - FDC,No,See ASN-3562 (ID#:960),Direct Drop,"Lamivudine/Nevirapine/Zidovudine 150/200/300mg, tablets, 60 Tabs",15.3,700,7805.0,PMO - US,"Aurobindo Unit III, India",Lamivudine/Nevirapine/Zidovudine,11.15,1/16/09,SCMS-37170,Pre-PQ Process,Pre-PQ Process,ARV,108-VN-T01,10-Apr-09,Air,Adult,60,0.19,Aurobindo Pharma Limited,EXW,See ASN-3562 (ID#:960)
3094,ASN-2023,Generic,Vietnam,07-Jul-08,07-Jul-08,300mg,Tablet,Yes,5260.46,Direct Drop,"Abacavir 300mg, tablets, 60 Tabs",20.8,520,13000.0,PMO - US,"Aurobindo Unit III, India",Abacavir,25.0,3/31/08,SCMS-20181,Pre-PQ Process,Pre-PQ Process,ARV,108-VN-T01,07-Jul-08,Air,Adult,60,0.42,Aurobindo Pharma Limited,EXW,137
11735,DN-141,Generic,Zimbabwe,20-May-07,20-May-07,300mg,Tablet,No,See DN-141 (ID#:10571),From RDC,"Zidovudine 300mg, tablets, 60 Tabs",MIssing,470,4591.9,PMO - US,"Ranbaxy, Paonta Shahib, India",Zidovudine,9.77,N/A - From RDC,SO-278,Pre-PQ Process,Pre-PQ Process,ARV,113-ZW-T01,20-May-07,MIssing,Adult,60,0.16,SCMS from RDC,N/A - From RDC,See DN-141 (ID#:10571)
12100,DN-361,Uni-Gold,Rwanda,16-Oct-07,16-Oct-07,MIssing,Test kit,Yes,7670.04,From RDC,"HIV 1/2, Uni-Gold HIV Kit, 20 Tests",96.41,1883,60256.0,PMO - US,"Trinity Biotech, Plc","HIV 1/2, Uni-Gold HIV Kit",32.0,N/A - From RDC,SO-833,Pre-PQ Process,Pre-PQ Process,HRDT,107-RW-T01,16-Oct-07,Air,HIV test,20,1.6,SCMS from RDC,N/A - From RDC,627
12672,DN-266,First Response,Rwanda,02-Aug-07,02-Aug-07,MIssing,Test kit,Yes,4465.1,From RDC,"HIV 1/2/O, First Response HIV 1-2.0, v.3.0 Cards Kit, 30 Tests",53.7,2034,33561.0,PMO - US,Premier Med. Corp Ltd. India,"HIV 1/2/O, First Response HIV 1-2.0, v.3.0 Cards Kit",16.5,N/A - From RDC,SO-824,Pre-PQ Process,Pre-PQ Process,HRDT,107-RW-T01,02-Aug-07,Air,HIV test,30,0.55,SCMS from RDC,N/A - From RDC,768
3507,ASN-3231,Determine,Nigeria,05-Feb-09,05-Feb-09,MIssing,Test kit,Yes,22775.45,Direct Drop,"HIV 1/2, Determine Complete HIV Kit, 100 Tests",824.61,5259,420720.0,PMO - US,Inverness Japan,"HIV 1/2, Determine Complete HIV Kit",80.0,11/20/08,SCMS-33830,Pre-PQ Process,Pre-PQ Process,HRDT,133-NG-T01,05-Feb-09,Air,HIV test,100,0.8,"Orgenics, Ltd",EXW,1584
10906,DN-430,Generic,Uganda,10-Dec-07,10-Dec-07,150/300/200mg,Tablet - FDC,Yes,1637,From RDC,"Lamivudine/Nevirapine/Zidovudine 150/200/300mg, tablets, 60 Tabs",35.64,1650,22275.0,PMO - US,"Aurobindo Unit III, India",Lamivudine/Nevirapine/Zidovudine,13.5,N/A - From RDC,SO-1085,Pre-PQ Process,Pre-PQ Process,ARV,114-UG-T01,10-Dec-07,Air,Adult,60,0.22,SCMS from RDC,N/A - From RDC,197
11477,DN-426,Trizivir,Mozambique,29-Nov-07,29-Nov-07,300/150/300mg,Tablet - FDC,No,See DN-426 (ID#:10633),From RDC,"Abacavir/Lamivudine/Zidovudine 300/150/300mg [Trizivir], tablets, 60 Tabs",100.8,900,63000.0,PMO - US,GSK Ware (UK),Abacavir/Lamivudine/Zidovudine,70.0,N/A - From RDC,SO-1038,Pre-PQ Process,Pre-PQ Process,ARV,111-MZ-T01,29-Nov-07,Air,Adult,60,1.17,SCMS from RDC,N/A - From RDC,See DN-426 (ID#:10633)
3972,ASN-161,Determine,Zambia,20-Nov-06,20-Nov-06,MIssing,Test kit,Yes,5157.65,Direct Drop,"HIV 1/2, Determine Complete HIV Kit, 100 Tests",MIssing,2500,200000.0,PMO - US,ABBVIE GmbH & Co.KG Wiesbaden,"HIV 1/2, Determine Complete HIV Kit",80.0,Date Not Captured,SCMS-291,Pre-PQ Process,Pre-PQ Process,HRDT,110-ZM-T01,20-Nov-06,Air,HIV test,100,0.8,Abbott GmbH & Co. KG,EXW,857354
543,ASN-2504,OraQuick,Haiti,30-Sep-08,30-Sep-08,MIssing,Test kit,Yes,782.13,Direct Drop,"HIV 1/2, OraQuick Advance HIV Rapid Antibody Kit, 100 Tests",15.68,28,9800.0,PMO - US,"Pacific Biotech, Thailand","HIV 1/2, OraQuick Advance HIV Rapid Antibody Kit",350.0,5/20/08,SCMS-23840,Pre-PQ Process,Pre-PQ Process,HRDT,106-HT-T01,30-Sep-08,Air,HIV test,100,3.5,Orasure Technologies Inc.,EXW,109
1820,ASN-2640,Determine,Haiti,27-Oct-08,27-Oct-08,MIssing,Test kit,Yes,2851.72,Direct Drop,"HIV 1/2, Determine HIV Kit, without Lancets, 100 Tests",154.08,1123,78610.0,PMO - US,Inverness Japan,"HIV 1/2, Determine HIV Kit, without Lancets",70.0,5/23/08,SCMS-23980,Pre-PQ Process,Pre-PQ Process,HRDT,106-HT-T01,27-Oct-08,Air,HIV test,100,0.7,"Orgenics, Ltd",EXW,257
10390,ASN-4285,Invirase,South Africa,21-Apr-09,21-Apr-09,200mg,Capsule,No,Freight Included in Commodity Cost,Direct Drop,"Saquinavir 200mg [Invirase], capsules, 270 Caps",3.86,30,1970.4,PMO - US,Roche Basel,Saquinavir,65.68,04-02-09,SCMS-47380,Pre-PQ Process,Pre-PQ Process,ARV,116-ZA-T01,15-May-09,Truck,Adult,270,0.24,S. BUYS WHOLESALER,DDP,Weight Captured Separately
4461,ASN-2293,Videx,South Africa,08-May-08,08-May-08,25mg,Chewable/dispersible tablet,No,Freight Included in Commodity Cost,Direct Drop,"Didanosine 25mg [Videx], chewable tablets, 60 Tabs",0.08,4,52.96,PMO - US,"BMS Meymac, France",Didanosine,13.24,Date Not Captured,SCMS-23500,Pre-PQ Process,Pre-PQ Process,ARV,116-ZA-T01,20-Aug-08,Truck,Pediatric,60,0.22,S. BUYS WHOLESALER,DDP,Weight Captured Separately
10785,DN-1358,Generic,Mozambique,27-Aug-09,27-Aug-09,150/200/30mg,Tablet - FDC,Yes,2400.26,From RDC,"Lamivudine/Nevirapine/Stavudine 150/200/30mg, tablets, 60 Tabs",1744.4,125000,890000.0,PMO - US,"Strides, Bangalore, India.",Lamivudine/Nevirapine/Stavudine,7.12,N/A - From RDC,SO-32540,Pre-PQ Process,Date Not Captured,ARV,111-MZ-T01,27-Aug-09,Truck,Adult,60,0.12,SCMS from RDC,N/A - From RDC,9290
9530,ASN-4374,Capillus,Haiti,06-Jul-09,06-Jul-09,MIssing,Test kit,Yes,1800.33,Direct Drop,"HIV 1/2, Capillus HIV Kit, 100 Tests",0.82,3,417.0,PMO - US,"Trinity Biotech, Plc","HIV 1/2, Capillus HIV Kit",139.0,01-08-08,SCMS-15490,Pre-PQ Process,Pre-PQ Process,HRDT,100-HT-T01,06-Jul-09,Air,HIV test,100,1.39,"Trinity Biotech, Plc",EXW,2
10702,DN-700,Truvada,Zambia,08-May-08,08-May-08,300/200mg,Tablet - FDC,Yes,1910.61,From RDC,"Emtricitabine/Tenofovir Disoproxil Fumarate 200/300mg [Truvada], tablets, 30 Tabs",1812.47,43154,1132792.5,PMO - US,"Aspen-OSD, Port Elizabeth, SA",Emtricitabine/Tenofovir Disoproxil Fumarate,26.25,N/A - From RDC,SO-1887,Pre-PQ Process,Pre-PQ Process,ARV,110-ZM-T01,08-May-08,MIssing,Adult,30,0.88,SCMS from RDC,N/A - From RDC,3788
13379,ASN-17939,Generic,Malawi,21-Jun-13,21-Jun-13,600/300/300mg,Tablet - FDC,Yes,24875.46,Direct Drop,"Efavirenz/Lamivudine/Tenofovir Disoproxil Fumarate 600/300/300mg, tablets, 30 Tabs",3465.16,243800,2801262.0,PMO - US,Mylan (formerly Matrix) Nashik,Efavirenz/Lamivudine/Tenofovir Disoproxil Fumarate,11.49,10/31/12,SCMS-163880,FPQ-10790,10/17/12,ARV,103-MW-T30,21-Jun-13,Ocean,Adult,30,0.38,MYLAN LABORATORIES LTD (FORMERLY MATRIX LABORATORIES),EXW,27549
7638,ASN-3694,Aluvia,Tanzania,27-May-09,27-May-09,200/50mg,Tablet,Yes,12815.42,Direct Drop,"Lopinavir/Ritonavir 200/50mg [Aluvia], tablets, 120 Tabs",1011.78,12560,516216.0,PMO - US,ABBVIE Ludwigshafen Germany,Lopinavir/Ritonavir,41.1,02-05-09,SCMS-38400,Pre-PQ Process,Pre-PQ Process,ARV,109-TZ-T01,27-May-09,Air,Adult,120,0.34,ABBVIE LOGISTICS (FORMERLY ABBOTT LOGISTICS BV),FCA,3073
6845,ASN-1251,Zerit,South Africa,29-Jan-08,29-Jan-08,20mg,Capsule,No,Freight Included in Commodity Cost,Direct Drop,"Stavudine 20mg [Zerit], capsules, 60 Caps",0.29,30,179.7,PMO - US,"BMS Meymac, France",Stavudine,5.99,11-12-07,SCMS-14050,Pre-PQ Process,Pre-PQ Process,ARV,116-ZA-T01,29-Jan-08,MIssing,Adult,60,0.1,"JSI R&T INSTITUTE, INC.",DDP,Weight Captured Separately
2008,ASN-2576,Colloidal Gold,Ethiopia,07-Oct-08,07-Oct-08,MIssing,Test kit,Yes,44347.71,Direct Drop,"HIV 1/2, SKB Colloidal Gold, Diagnostic Kit, Antibody, 50 Tests",257.53,6998,160954.0,PMO - US,"KHB Test Kit Facility, Shanghai China","HIV 1/2, Colloidal Gold, Diagnostic Kit, Antibody",23.0,8/22/08,SCMS-28710,Pre-PQ Process,Pre-PQ Process,HRDT,117-ET-T01,07-Oct-08,Air,HIV test,1,23.0,"SHANGHAI KEHUA BIOENGINEERING CO.,LTD.  (KHB)",EXW,5057
7325,ASN-2502,Generic,South Africa,18-Aug-08,18-Aug-08,200mg,Tablet,No,Freight Included in Commodity Cost,Direct Drop,"Nevirapine 200mg, tablets, 60 Tabs",7.78,240,4860.0,PMO - US,"Cipla, Goa, India",Nevirapine,20.25,Date Not Captured,SCMS-28830,Pre-PQ Process,Pre-PQ Process,ARV,116-ZA-T01,25-Aug-08,Truck,Adult,60,0.34,S. BUYS WHOLESALER,DDP,Weight Captured Separately
11622,DN-1130,Truvada,Nigeria,24-Mar-09,24-Mar-09,300/200mg,Tablet - FDC,Yes,6443.61,From RDC,"Emtricitabine/Tenofovir Disoproxil Fumarate 200/300mg [Truvada], tablets, 30 Tabs",7.36,143,3753.75,PMO - US,"Aspen-OSD, Port Elizabeth, SA",Emtricitabine/Tenofovir Disoproxil Fumarate,26.25,N/A - From RDC,SO-21781,Pre-PQ Process,Pre-PQ Process,ARV,151-NG-T01,24-Mar-09,Air,Adult,30,0.88,SCMS from RDC,N/A - From RDC,14
11869,DN-624,Norvir,Mozambique,31-Mar-08,31-Mar-08,100mg,Capsule,Yes,1214.2,From RDC,"Ritonavir 100mg [Norvir], capsules, cool, 84 Caps",9.67,630,6041.7,PMO - US,ABBVIE (Abbott) Logis. UK,Ritonavir,9.59,N/A - From RDC,SO-1824,Pre-PQ Process,Pre-PQ Process,ARV,111-MZ-T01,31-Mar-08,Air,Adult,84,0.11,SCMS from RDC,N/A - From RDC,185
11230,DN-483,Generic,Zambia,12-Feb-08,12-Feb-08,600mg,Tablet,Yes,18856.33,From RDC,"Efavirenz 600mg, tablets, 30 Tabs",1324.81,66667,828004.14,PMO - US,Mylan (formerly Matrix) Nashik,Efavirenz,12.42,N/A - From RDC,SO-1189,Pre-PQ Process,Pre-PQ Process,ARV,110-ZM-T01,12-Feb-08,Air,Adult,30,0.41,SCMS from RDC,N/A - From RDC,5253
7721,ASN-3634,Generic,South Africa,02-Dec-08,02-Dec-08,600mg,Tablet,No,Freight Included in Commodity Cost,Direct Drop,"Efavirenz 600mg, tablets, 30 Tabs",192.83,6734,98383.74,PMO - US,"Cipla, Goa, India",Efavirenz,14.61,Date Not Captured,SCMS-40810,Pre-PQ Process,Pre-PQ Process,ARV,116-ZA-T01,31-Mar-09,Air,Adult,30,0.49,S. BUYS WHOLESALER,DDP,Weight Captured Separately
4331,ASN-1801,DoubleCheck,Kyrgyzstan,14-Jun-08,14-Jun-08,MIssing,Test kit,Yes,Freight Included in Commodity Cost,Direct Drop,"HIV 1/2, DoubleCheck II Kit, 40 Tests",63.2,500,39500.0,PMO - US,Not Applicable,"HIV 1/2, DoubleCheck II Kit",79.0,3/18/08,SCMS-19110,Pre-PQ Process,Pre-PQ Process,HRDT,129-KG-T01,14-Jun-08,Air,HIV test,40,1.98,"Orgenics, Ltd",DDP,Weight Captured Separately
11818,DN-482,Generic,Zambia,22-Feb-08,22-Feb-08,150/300mg,Tablet - FDC,No,See DN-482 (ID#:11496),From RDC,"Lamivudine/Zidovudine 150/300mg, tablets, 60 Tabs",1400.59,92144,875368.0,PMO - US,"Aurobindo Unit III, India",Lamivudine/Zidovudine,9.5,N/A - From RDC,SO-755,Pre-PQ Process,Pre-PQ Process,ARV,110-ZM-T01,22-Feb-08,MIssing,Adult,60,0.16,SCMS from RDC,N/A - From RDC,See DN-482 (ID#:11496)
12404,DN-360,Stocrin/Sustiva,Tanzania,11-Oct-07,11-Oct-07,200mg,Capsule,Yes,2465,From RDC,"Efavirenz 200mg [Stocrin/Sustiva], capsule, 90 Caps",103.07,1987,64418.54,PMO - US,MSD South Granville Australia,Efavirenz,32.42,N/A - From RDC,SO-1075,Pre-PQ Process,Pre-PQ Process,ARV,109-TZ-T01,11-Oct-07,MIssing,Pediatric,90,0.36,SCMS from RDC,N/A - From RDC,238
835,ASN-3553,Viread,South Africa,09-Oct-08,09-Oct-08,300mg,Tablet,Yes,Freight Included in Commodity Cost,Direct Drop,"Tenofovir Disoproxil Fumarate 300mg [Viread], tablets, 30 Tabs",3.59,80,1830.4,PMO - US,"Aspen-OSD, Port Elizabeth, SA",Tenofovir Disoproxil Fumarate,22.88,Date Not Captured,SCMS-33320,Pre-PQ Process,Pre-PQ Process,ARV,116-ZA-T01,17-May-09,Truck,Adult,30,0.76,S. BUYS WHOLESALER,DDP,Weight Captured Separately
3508,ASN-3110,Determine,Namibia,27-Jan-09,27-Jan-09,MIssing,Test kit,No,See ASN-3110 (ID#:2173),Direct Drop,"HIV 1/2, Determine HIV Kit, without Lancets, 100 Tests",0.96,7,490.0,PMO - US,Inverness Japan,"HIV 1/2, Determine HIV Kit, without Lancets",70.0,11/20/08,SCMS-33850,Pre-PQ Process,Pre-PQ Process,HRDT,141-NA-T01,27-Jan-09,Air,HIV test,100,0.7,INVERNESS MEDICAL INNOVATIONS SOUTH AFRICA (PTY) LTD,EXW,See ASN-3110 (ID#:2173)
1221,ASN-4821,Norvir,South Africa,28-Jul-09,28-Jul-09,100mg,Capsule,Yes,Freight Included in Commodity Cost,Direct Drop,"Ritonavir 100mg [Norvir], capsules, cool, 84 Caps",0.96,50,490.0,PMO - US,ABBVIE (Abbott) Logis. UK,Ritonavir,9.8,06-05-09,SCMS-46970,Pre-PQ Process,Pre-PQ Process,ARV,116-ZA-T01,28-Jul-09,Truck,Adult,84,0.12,S. BUYS WHOLESALER,DDP,Weight Captured Separately
7202,ASN-2294,Truvada,South Africa,17-Jun-08,17-Jun-08,300/200mg,Tablet - FDC,Yes,Freight Included in Commodity Cost,Direct Drop,"Emtricitabine/Tenofovir Disoproxil Fumarate 200/300mg [Truvada], tablets, 30 Tabs",3.79,60,2368.2,PMO - US,"Aspen-OSD, Port Elizabeth, SA",Emtricitabine/Tenofovir Disoproxil Fumarate,39.47,Date Not Captured,SCMS-25550,Pre-PQ Process,Pre-PQ Process,ARV,116-ZA-T01,17-Jun-08,Truck,Adult,30,1.32,S. BUYS WHOLESALER,DDP,Weight Captured Separately
1281,ASN-93,Generic,Nigeria,07-Dec-06,07-Dec-06,150mg,Tablet,Yes,4861.14,Direct Drop,"Lamivudine 150mg, tablets, 60 Tabs",MIssing,894,2994.9,PMO - US,"Aurobindo Unit III, India",Lamivudine,3.35,Date Not Captured,SCMS-156,Pre-PQ Process,Pre-PQ Process,ARV,112-NG-T01,07-Dec-06,Air,Adult,60,0.06,Aurobindo Pharma Limited,EXW,479
11368,DN-30,Crixivan,CÃte dIvoire,15-Mar-07,15-Mar-07,400mg,Capsule,No,See DN-30 (ID#:11091),From RDC,"Indinavir 400mg [Crixivan], capsules, 180 Caps",MIssing,370,18248.4,PMO - US,MSD Elkton USA,Indinavir,49.32,N/A - From RDC,SO-373,Pre-PQ Process,Pre-PQ Process,ARV,100-CI-T01,15-Mar-07,MIssing,Adult,180,0.27,SCMS from RDC,N/A - From RDC,See DN-30 (ID#:11091)
10085,ASN-3178,Stat-Pak,Ethiopia,20-Jan-09,20-Jan-09,MIssing,Test kit,Yes,15288.75,Direct Drop,"HIV 1/2, Stat-Pak HIV, Kit, 20 Tests",493.48,9325,251775.0,PMO - US,Chembio Diagnostics Sys. Inc.,"HIV 1/2, Stat-Pak HIV, Kit",27.0,10/22/08,SCMS-32410,Pre-PQ Process,Pre-PQ Process,HRDT,117-ET-T01,30-Jan-09,Air,HIV test,20,1.35,"CHEMBIO DIAGNOSTIC SYSTEMS, INC.",EXW,3061
11860,DN-762,Aluvia,Haiti,18-Jun-08,18-Jun-08,200/50mg,Tablet,Yes,1422.32,From RDC,"Lopinavir/Ritonavir 200/50mg [Aluvia], tablets, 120 Tabs",15.78,240,9864.0,PMO - US,ABBVIE Ludwigshafen Germany,Lopinavir/Ritonavir,41.1,N/A - From RDC,SO-2596,Pre-PQ Process,Pre-PQ Process,ARV,106-HT-T01,18-Jun-08,Air,Adult,120,0.34,SCMS from RDC,N/A - From RDC,52
12238,DN-1075,Viread,Tanzania,09-Mar-09,09-Mar-09,300mg,Tablet,Yes,1169.9,From RDC,"Tenofovir Disoproxil Fumarate 300mg [Viread], tablets, 30 Tabs",29.42,883,15011.0,PMO - US,"Aspen-OSD, Port Elizabeth, SA",Tenofovir Disoproxil Fumarate,17.0,N/A - From RDC,SO-18722,Pre-PQ Process,Pre-PQ Process,ARV,109-TZ-T01,09-Mar-09,Truck,Adult,30,0.57,SCMS from RDC,N/A - From RDC,70
1299,ASN-242,Generic,Rwanda,27-Feb-07,27-Feb-07,600mg,Tablet,No,See ASN-242 (ID#:64),Direct Drop,"Efavirenz 600mg, tablets, 30 Tabs",MIssing,71577,1087970.4,PMO - US,"Cipla, Goa, India",Efavirenz,15.2,12/22/06,SCMS-268,Pre-PQ Process,Pre-PQ Process,ARV,107-RW-T01,27-Feb-07,Air,Adult,30,0.51,CIPLA LIMITED,EXW,See ASN-242 (ID#:64)
7201,ASN-2068,Generic,Rwanda,22-Jul-08,22-Jul-08,150/300mg,Tablet - FDC,Yes,23071.26,Direct Drop,"Lamivudine/Zidovudine 150/300mg, tablets, 60 Tabs",663.43,45168,414642.24,PMO - US,"Aurobindo Unit III, India",Lamivudine/Zidovudine,9.18,6/13/08,SCMS-25530,Pre-PQ Process,Pre-PQ Process,ARV,107-RW-T01,22-Jul-08,Air,Adult,60,0.15,Aurobindo Pharma Limited,CIP,3953
1531,ASN-1061,OraQuick,Kazakhstan,27-Dec-07,27-Dec-07,MIssing,Test kit,Yes,Freight Included in Commodity Cost,Direct Drop,"HIV 1/2, OraQuick Advance HIV Rapid Antibody Kit, 100 Tests",28,50,17500.0,PMO - US,"Pacific Biotech, Thailand","HIV 1/2, OraQuick Advance HIV Rapid Antibody Kit",350.0,11/30/07,SCMS-14770,Pre-PQ Process,Pre-PQ Process,HRDT,100-KZ-T01,27-Dec-07,Air,HIV test,100,3.5,Orasure Technologies Inc.,DDP,Weight Captured Separately
12894,DN-1296,Crixivan,Nigeria,16-Jun-09,16-Jun-09,400mg,Capsule,No,See DN-1296 (ID#:10779),From RDC,"Indinavir 400mg [Crixivan], capsules, 180 Caps",39.2,400,20000.0,PMO - US,"MSD, Haarlem, NL",Indinavir,50.0,N/A - From RDC,SO-24481,Pre-PQ Process,Pre-PQ Process,ARV,123-NG-T01,16-Jun-09,Air Charter,Adult,180,0.28,SCMS from RDC,N/A - From RDC,See DN-1296 (ID#:10779)
11547,DN-632,Generic,CÃte dIvoire,13-Mar-08,13-Mar-08,MIssing,Test kit - Ancillary,Yes,1225.42,From RDC,"HIV, Lancet, Safety, for HIV Test kits, 100 Pcs",0,250,2.5,PMO - US,Inverness Japan,"HIV, Lancet, Safety, for HIV Test kits, 100 Pcs",0.01,N/A - From RDC,SO-1838,Pre-PQ Process,Pre-PQ Process,HRDT,104-CI-T01,13-Mar-08,Air,HIV test - Ancillary,100,0.0,SCMS from RDC,N/A - From RDC,61
10676,DN-738,Generic,Nigeria,20-May-08,20-May-08,150/300/200mg,Tablet - FDC,Yes,2750.89,From RDC,"Lamivudine/Nevirapine/Zidovudine 150/200/300mg, tablets, 60 Tabs",68.55,3226,42841.28,PMO - US,"Aurobindo Unit III, India",Lamivudine/Nevirapine/Zidovudine,13.28,N/A - From RDC,SO-2577,Pre-PQ Process,Pre-PQ Process,ARV,131-NG-T01,20-May-08,Air,Adult,60,0.22,SCMS from RDC,N/A - From RDC,359
11267,DN-773,Determine,Zimbabwe,17-Jun-08,17-Jun-08,MIssing,Test kit,Yes,939.12,From RDC,"HIV 1/2, Determine HIV Kit, without Lancets, 100 Tests",63.35,550,39594.5,PMO - US,Inverness Japan,"HIV 1/2, Determine HIV Kit, without Lancets",71.99,N/A - From RDC,SO-1873,Pre-PQ Process,Pre-PQ Process,HRDT,113-ZW-T01,17-Jun-08,Air,HIV test,100,0.72,SCMS from RDC,N/A - From RDC,161
1927,ASN-2488,Stocrin/Sustiva,South Africa,08-Jul-08,08-Jul-08,50mg,Capsule,No,Freight Included in Commodity Cost,Direct Drop,"Efavirenz 50mg [Stocrin/Sustiva], capsule, 30 Caps",1.14,250,715.0,PMO - US,"MSD Midrand, Jburg, SA",Efavirenz,2.86,Date Not Captured,SCMS-26820,Pre-PQ Process,Pre-PQ Process,ARV,116-ZA-T01,10-Jul-08,Truck,Pediatric,30,0.1,S. BUYS WHOLESALER,DDP,Weight Captured Separately
11197,DN-603,Generic,Mozambique,08-Apr-08,08-Apr-08,150/30mg,Tablet - FDC,Yes,8405.91,From RDC,"Lamivudine/Stavudine 150/30mg, tablets, 30 Tabs",160,50000,100000.0,PMO - US,"Cipla, Goa, India",Lamivudine/Stavudine,2.0,N/A - From RDC,SO-1039,Pre-PQ Process,Pre-PQ Process,ARV,111-MZ-T01,08-Apr-08,Air,Adult,30,0.07,SCMS from RDC,N/A - From RDC,3584
11269,DN-816,Generic,Uganda,21-Aug-08,21-Aug-08,150/200/30mg,Tablet - FDC,Yes,1476.8,From RDC,"Lamivudine/Nevirapine/Stavudine 150/200/30mg, tablets, 60 Tabs",31.97,2700,19980.0,PMO - US,"Strides, Bangalore, India.",Lamivudine/Nevirapine/Stavudine,7.4,N/A - From RDC,SO-2343,Pre-PQ Process,Pre-PQ Process,ARV,114-UG-T01,21-Aug-08,Air,Adult,60,0.12,SCMS from RDC,N/A - From RDC,199
11204,DN-446,Trizivir,CÃte dIvoire,30-Nov-07,30-Nov-07,300/150/300mg,Tablet - FDC,Yes,1392,From RDC,"Abacavir/Lamivudine/Zidovudine 300/150/300mg [Trizivir], tablets, 60 Tabs",111.44,995,69650.0,PMO - US,GSK Ware (UK),Abacavir/Lamivudine/Zidovudine,70.0,N/A - From RDC,SO-604,Pre-PQ Process,Pre-PQ Process,ARV,104-CI-T01,30-Nov-07,Air,Adult,60,1.17,SCMS from RDC,N/A - From RDC,219
12147,DN-488,Generic,Zimbabwe,14-Jan-08,14-Jan-08,600mg,Tablet,No,See DN-488 (ID#:10652),From RDC,"Efavirenz 600mg, tablets, 30 Tabs",36.96,1860,23101.2,PMO - US,"Cipla, Goa, India",Efavirenz,12.42,N/A - From RDC,SO-710,Pre-PQ Process,Pre-PQ Process,ARV,100-ZW-T01,14-Jan-08,Air,Adult,30,0.41,SCMS from RDC,N/A - From RDC,See DN-488 (ID#:10652)
12393,DN-290,Norvir,Tanzania,10-Sep-07,10-Sep-07,100mg,Capsule,No,See DN-290 (ID#:10859),From RDC,"Ritonavir 100mg [Norvir], capsules, cool, 4 x 84 Caps",9.64,157,6022.52,PMO - US,ABBVIE (Abbott) Logis. UK,Ritonavir,38.36,N/A - From RDC,SO-455,Pre-PQ Process,Pre-PQ Process,ARV,109-TZ-T01,10-Sep-07,MIssing,Adult,336,0.11,SCMS from RDC,N/A - From RDC,See DN-290 (ID#:10859)
12312,DN-1399,Generic,Uganda,28-Aug-09,28-Aug-09,150/300/200mg,Tablet - FDC,No,See DN-1399 (ID#:12311),From RDC,"Lamivudine/Nevirapine/Zidovudine 150/200/300mg, tablets, 60 Tabs",756.36,34000,385900.0,PMO - US,"Aurobindo Unit III, India",Lamivudine/Nevirapine/Zidovudine,11.35,N/A - From RDC,SO-32950,Pre-PQ Process,Date Not Captured,ARV,114-UG-T01,28-Aug-09,Air,Adult,60,0.19,SCMS from RDC,N/A - From RDC,See DN-1399 (ID#:12311)
12659,DN-149,Genie,CÃte dIvoire,18-May-07,18-May-07,MIssing,Test kit,Yes,1754,From RDC,"#108853** HIV, Genie II HIV-1/HIV-2 Kit, 40 Tests",MIssing,160,12160.0,PMO - US,Bio-Rad Laboratories,"HIV, Genie II HIV-1/HIV-2 Kit",76.0,N/A - From RDC,SO-518,Pre-PQ Process,Pre-PQ Process,HRDT,104-CI-T01,18-May-07,MIssing,HIV test,40,1.9,SCMS from RDC,N/A - From RDC,173
11420,DN-240,Invirase,CÃte dIvoire,16-Jul-07,16-Jul-07,200mg,Capsule,No,See DN-240 (ID#:10847),From RDC,"Saquinavir 200mg [Invirase], capsules, 270 Caps",72.35,575,45218.0,PMO - US,Roche Basel,Saquinavir,78.64,N/A - From RDC,SO-522,Pre-PQ Process,Pre-PQ Process,ARV,104-CI-T01,16-Jul-07,MIssing,Adult,270,0.29,SCMS from RDC,N/A - From RDC,See DN-240 (ID#:10847)
2539,ASN-4289,Genie,CÃte dIvoire,15-Jul-09,15-Jul-09,MIssing,Test kit,Yes,8114.11,Direct Drop,"#108853** HIV, Genie II HIV-1/HIV-2 Kit, 40 Tests",215.6,1000,110000.0,PMO - US,Bio-Rad Laboratories,"HIV, Genie II HIV-1/HIV-2 Kit",110.0,4/15/09,SCMS-44120,Pre-PQ Process,Pre-PQ Process,HRDT,104-CI-T01,10-Jun-09,Air,HIV test,40,2.75,BIO-RAD LABORATORIES (FRANCE),EXW,1073
11096,DN-91,Determine,Botswana,27-Apr-07,27-Apr-07,MIssing,Test kit,Yes,695.23,From RDC,"HIV 1/2, Determine Complete HIV Kit, 100 Tests",MIssing,100,8000.0,PMO - US,ABBVIE GmbH & Co.KG Wiesbaden,"HIV 1/2, Determine Complete HIV Kit",80.0,N/A - From RDC,SO-425,Pre-PQ Process,Pre-PQ Process,HRDT,100-BW-T01,27-Apr-07,MIssing,HIV test,100,0.8,SCMS from RDC,N/A - From RDC,32
12827,DN-920,Aluvia,Nigeria,26-Sep-08,26-Sep-08,200/50mg,Tablet,Yes,1058,From RDC,"Lopinavir/Ritonavir 200/50mg [Aluvia], tablets, 120 Tabs",6.18,94,3863.4,PMO - US,ABBVIE Ludwigshafen Germany,Lopinavir/Ritonavir,41.1,N/A - From RDC,SO-11032,Pre-PQ Process,Pre-PQ Process,ARV,112-NG-T01,26-Sep-08,Air,Adult,120,0.34,SCMS from RDC,N/A - From RDC,27
1065,ASN-3623,Generic,South Africa,03-Dec-08,03-Dec-08,600mg,Tablet,Yes,Freight Included in Commodity Cost,Direct Drop,"Efavirenz 600mg, tablets, 30 Tabs",97.69,3500,49840.0,PMO - US,"Cipla, Goa, India",Efavirenz,14.24,Date Not Captured,SCMS-41040,Pre-PQ Process,Pre-PQ Process,ARV,116-ZA-T01,07-Apr-09,Air,Adult,30,0.47,S. BUYS WHOLESALER,DDP,Weight Captured Separately
1156,ASN-4503,Generic,Rwanda,25-Jul-09,25-Jul-09,600mg,Tablet,Yes,37404.74,Direct Drop,"Efavirenz 600mg, tablets, 30 Tabs",757.31,55356,386384.88,PMO - US,Hetero Unit III Hyderabad IN,Efavirenz,6.98,4/15/09,SCMS-43890,Pre-PQ Process,Pre-PQ Process,ARV,107-RW-T01,25-Jul-09,Air,Adult,30,0.23,HETERO LABS LIMITED,CIP,4482
1940,ASN-2638,Determine,Guyana,29-Oct-08,29-Oct-08,MIssing,Test kit,Yes,1047.39,Direct Drop,"HIV 1/2, Determine HIV Kit, without Lancets, 100 Tests",30.05,213,15333.87,PMO - US,Inverness Japan,"HIV 1/2, Determine HIV Kit, without Lancets",71.99,8/21/08,SCMS-27030,Pre-PQ Process,Pre-PQ Process,HRDT,102-GY-T01,29-Oct-08,Air,HIV test,100,0.72,"Orgenics, Ltd",EXW,49
1306,ASN-624,Generic,Vietnam,24-Aug-07,24-Aug-07,150/200/30mg,Tablet - FDC,Yes,21439.59,Direct Drop,"Lamivudine/Nevirapine/Stavudine 150/200/30mg, tablets, 60 Tabs",300,25000,187500.0,PMO - US,"Cipla, Goa, India",Lamivudine/Nevirapine/Stavudine,7.5,02-07-07,SCMS-314,Pre-PQ Process,Pre-PQ Process,ARV,108-VN-T01,24-Aug-07,Air,Adult,60,0.12,CIPLA LIMITED,EXW,2348
12849,DN-1115,Generic,Zimbabwe,06-Apr-09,06-Apr-09,150/30mg,Tablet - FDC,No,See DN-1115 (ID#:11008),From RDC,"Lamivudine/Stavudine 150/30mg, tablets, 30 Tabs",31.36,8000,16000.0,PMO - US,"Cipla, Goa, India",Lamivudine/Stavudine,2.0,N/A - From RDC,SO-18100,Pre-PQ Process,Pre-PQ Process,ARV,113-ZW-T01,06-Apr-09,Truck,Adult,30,0.07,SCMS from RDC,N/A - From RDC,See DN-1115 (ID#:11008)
5590,ASN-1874,Stat-Pak,Nigeria,20-Jun-08,20-Jun-08,MIssing,Test kit,Yes,16036.94,Direct Drop,"HIV 1/2, Stat-Pak HIV, Kit, 20 Tests",315.4,7301,197127.0,PMO - US,Chembio Diagnostics Sys. Inc.,"HIV 1/2, Stat-Pak HIV, Kit",27.0,1/29/08,SCMS-16890,Pre-PQ Process,Pre-PQ Process,HRDT,102-NG-T01,19-Sep-08,Air,HIV test,20,1.35,"CHEMBIO DIAGNOSTIC SYSTEMS, INC.",EXW,2093
12632,DN-98,Generic,Zambia,27-Apr-07,27-Apr-07,200mg,Tablet,Yes,18137.64,From RDC,"Nevirapine 200mg, tablets, 60 Tabs",MIssing,43470,155187.9,PMO - US,"Ranbaxy, Paonta Shahib, India",Nevirapine,3.57,N/A - From RDC,SO-309,Pre-PQ Process,Pre-PQ Process,ARV,110-ZM-T01,27-Apr-07,MIssing,Adult,60,0.06,SCMS from RDC,N/A - From RDC,4398
11564,DN-1017,Generic,Guyana,21-Nov-08,21-Nov-08,300mg,Tablet,Yes,1465.71,From RDC,"Zidovudine 300mg, tablets, 60 Tabs",6.44,416,3286.4,PMO - US,"Aurobindo Unit III, India",Zidovudine,7.9,N/A - From RDC,SO-18470,Pre-PQ Process,Pre-PQ Process,ARV,105-GY-T01,21-Nov-08,Air,Adult,60,0.13,SCMS from RDC,N/A - From RDC,49
12476,DN-693,Stocrin/Sustiva,Haiti,11-Apr-08,11-Apr-08,30mg/ml,Oral solution,No,See DN-693 (ID#:12475),From RDC,"Efavirenz 30mg/ml [Stocrin/Sustiva], oral solution, Bottle, 180 ml",0.84,31,525.76,PMO - US,"MSD, Haarlem, NL",Efavirenz,16.96,N/A - From RDC,SO-2071,Pre-PQ Process,Pre-PQ Process,ARV,106-HT-T01,11-Apr-08,Air,Pediatric,180,0.09,SCMS from RDC,N/A - From RDC,See DN-693 (ID#:12475)
5043,ASN-3624,Stocrin/Sustiva,South Africa,23-Dec-08,23-Dec-08,50mg,Capsule,No,Freight Included in Commodity Cost,Direct Drop,"Efavirenz 50mg [Stocrin/Sustiva], capsule, 30 Caps",14.64,3000,7470.0,PMO - US,"MSD Midrand, Jburg, SA",Efavirenz,2.49,Date Not Captured,SCMS-41060,Pre-PQ Process,Pre-PQ Process,ARV,116-ZA-T01,05-May-09,Air,Pediatric,30,0.08,S. BUYS WHOLESALER,DDP,Weight Captured Separately
11983,DN-1261,Generic,Nigeria,16-Jun-09,16-Jun-09,300mg,Tablet,No,See DN-1261 (ID#:11647),From RDC,"Zidovudine 300mg, tablets, 60 Tabs",4.62,306,2359.26,PMO - US,"Aurobindo Unit III, India",Zidovudine,7.71,N/A - From RDC,SO-31170,Pre-PQ Process,Pre-PQ Process,ARV,153-NG-T01,16-Jun-09,Air Charter,Adult,60,0.13,SCMS from RDC,N/A - From RDC,See DN-1261 (ID#:11647)
13926,ASN-8885,Generic,South Africa,25-Jan-11,25-Jan-11,300mg,Tablet,Yes,3646.1,Direct Drop,"Tenofovir Disoproxil Fumarate 300mg, tablets, 30 Tabs",337.06,19992,156337.44,PMO - US,"Cipla, Goa, India",Tenofovir Disoproxil Fumarate,7.82,3/19/10,SCMS-68750,FPQ-5303,3/18/10,ARV,161-ZA-T30,13-Oct-10,Air,Adult,30,0.26,CIPLA LIMITED,DDP,1378
12836,DN-1034,Crixivan,Mozambique,21-Feb-09,21-Feb-09,400mg,Capsule,No,See DN-1034 (ID#:10732),From RDC,"Indinavir 400mg [Crixivan], capsules, 180 Caps",24.7,252,12600.0,PMO - US,"MSD, Haarlem, NL",Indinavir,50.0,N/A - From RDC,SO-15080,Pre-PQ Process,Pre-PQ Process,ARV,111-MZ-T01,21-Feb-09,Air,Adult,180,0.28,SCMS from RDC,N/A - From RDC,See DN-1034 (ID#:10732)
13581,ASN-11824,Determine,Swaziland,28-Sep-11,28-Sep-11,MIssing,Test kit,Yes,4504.46,Direct Drop,"HIV 1/2, Determine Complete HIV Kit, 100 Tests",49.76,377,30160.0,PMO - US,Inverness Japan,"HIV 1/2, Determine Complete HIV Kit",80.0,7/13/11,SCMS-113480,FPQ-7936,6/21/11,HRDT,102-SZ-T30,28-Sep-11,Air,HIV test,100,0.8,"Orgenics, Ltd",EXW,172
10613,DN-332,Generic,Ethiopia,04-Sep-07,04-Sep-07,10mg/ml,Oral solution,Yes,88801,From RDC,"Zidovudine 10mg/ml, oral solution, Bottle, 240 ml",47.64,13850,29777.5,PMO - US,"Aurobindo Unit III, India",Zidovudine,2.15,N/A - From RDC,SO-914,Pre-PQ Process,Pre-PQ Process,ARV,117-ET-T01,04-Sep-07,MIssing,Pediatric,240,0.01,SCMS from RDC,N/A - From RDC,35216
12014,DN-1466,Generic,Haiti,21-Oct-09,21-Oct-09,200mg,Tablet,No,See DN-1466 (ID#:11357),From RDC,"Nevirapine 200mg, tablets, 60 Tabs",89.95,15825,45892.5,PMO - US,"Aurobindo Unit III, India",Nevirapine,2.9,N/A - From RDC,SO-32720,Pre-PQ Process,Date Not Captured,ARV,106-HT-T01,21-Oct-09,Air,Adult,60,0.05,SCMS from RDC,N/A - From RDC,See DN-1466 (ID#:11357)
11913,DN-1105,Generic,Ethiopia,20-Mar-09,20-Mar-09,150/300/200mg,Tablet - FDC,No,See DN-1105 (ID#:11303),From RDC,"Lamivudine/Nevirapine/Zidovudine 150/200/300mg, tablets, 60 Tabs",250.06,10812,127581.6,PMO - US,"Aurobindo Unit III, India",Lamivudine/Nevirapine/Zidovudine,11.8,N/A - From RDC,SO-22050,Pre-PQ Process,Pre-PQ Process,ARV,117-ET-T01,20-Mar-09,Air,Adult,60,0.2,SCMS from RDC,N/A - From RDC,See DN-1105 (ID#:11303)
11751,DN-258,Generic,Mozambique,15-Aug-07,15-Aug-07,20mg/ml,Oral solution,No,See DN-258 (ID#:11425),From RDC,"Abacavir 20mg/ml, oral solution, Bottle, 240 ml",44.93,1306,28079.0,PMO - US,"Aurobindo Unit III, India",Abacavir,21.5,N/A - From RDC,SO-499,Pre-PQ Process,Pre-PQ Process,ARV,111-MZ-T01,15-Aug-07,Air,Pediatric,240,0.09,SCMS from RDC,N/A - From RDC,See DN-258 (ID#:11425)
11653,DN-1280,Generic,Haiti,18-Jun-09,18-Jun-09,15mg,Capsule,No,See DN-1280 (ID#:10776),From RDC,"Stavudine 15mg, capsules, 60 Caps",0.11,36,54.0,PMO - US,"Aurobindo Unit III, India",Stavudine,1.5,N/A - From RDC,SO-24850,Pre-PQ Process,Pre-PQ Process,ARV,106-HT-T01,18-Jun-09,Air,Adult,60,0.02,SCMS from RDC,N/A - From RDC,See DN-1280 (ID#:10776)
12673,DN-282,Generic,Mozambique,10-Oct-07,10-Oct-07,20mg/ml,Oral solution,No,See DN-282 (ID#:11144),From RDC,"Abacavir 20mg/ml, oral solution, Bottle, 240 ml",35.09,1020,21930.0,PMO - US,"Aurobindo Unit III, India",Abacavir,21.5,N/A - From RDC,SO-502,Pre-PQ Process,Pre-PQ Process,ARV,111-MZ-T01,10-Oct-07,Air,Pediatric,240,0.09,SCMS from RDC,N/A - From RDC,See DN-282 (ID#:11144)
11559,DN-902,Aluvia,Tanzania,26-Sep-08,26-Sep-08,200/50mg,Tablet,Yes,1153.97,From RDC,"Lopinavir/Ritonavir 200/50mg [Aluvia], tablets, 120 Tabs",169.66,2580,106038.0,PMO - US,ABBVIE Ludwigshafen Germany,Lopinavir/Ritonavir,41.1,N/A - From RDC,SO-2682,Pre-PQ Process,Pre-PQ Process,ARV,109-TZ-T01,26-Sep-08,Air,Adult,120,0.34,SCMS from RDC,N/A - From RDC,587
10886,DN-349,Invirase,CÃte dIvoire,12-Sep-07,12-Sep-07,200mg,Capsule,No,See DN-349 (ID#:10885),From RDC,"Saquinavir 200mg [Invirase], capsules, 270 Caps",66.18,526,41364.64,PMO - US,Roche Basel,Saquinavir,78.64,N/A - From RDC,SO-999,Pre-PQ Process,Pre-PQ Process,ARV,104-CI-T01,12-Sep-07,MIssing,Adult,270,0.29,SCMS from RDC,N/A - From RDC,See DN-349 (ID#:10885)
4372,ASN-2050,Aluvia,Vietnam,16-Jul-08,16-Jul-08,200/50mg,Tablet,Yes,4393.32,Direct Drop,"Lopinavir/Ritonavir 200/50mg [Aluvia], tablets, 120 Tabs",199.91,1520,124944.0,PMO - US,ABBVIE Ludwigshafen Germany,Lopinavir/Ritonavir,82.2,3/31/08,SCMS-20410,Pre-PQ Process,Pre-PQ Process,ARV,108-VN-T01,16-Jul-08,Air,Adult,120,0.68,ABBVIE LOGISTICS (FORMERLY ABBOTT LOGISTICS BV),FCA,385
11548,DN-635,Generic,Namibia,14-Mar-08,14-Mar-08,600mg,Tablet,Yes,6074.62,From RDC,"Efavirenz 600mg, tablets, 30 Tabs",403.54,21000,252210.0,PMO - US,"Aurobindo Unit III, India",Efavirenz,12.01,N/A - From RDC,SO-1764,Pre-PQ Process,Pre-PQ Process,ARV,119-NA-T01,14-Mar-08,Air,Adult,30,0.4,SCMS from RDC,N/A - From RDC,1815
12863,DN-1026,Generic,Nigeria,17-Dec-08,17-Dec-08,30mg,Capsule,Yes,4608.92,From RDC,"Stavudine 30mg, capsules, 60 Caps",23.93,7876,12207.8,PMO - US,"Aurobindo Unit III, India",Stavudine,1.55,N/A - From RDC,SO-13000,Pre-PQ Process,Pre-PQ Process,ARV,123-NG-T01,17-Dec-08,Air,Adult,60,0.03,SCMS from RDC,N/A - From RDC,521
11692,DN-1483,Generic,Nigeria,18-Dec-09,18-Dec-09,150/300/200mg,Tablet - FDC,Yes,33279.39,From RDC,"Lamivudine/Nevirapine/Zidovudine 150/200/300mg, tablets, 60 Tabs",1495.35,60840,693576.0,PMO - US,Mylan (formerly Matrix) Nashik,Lamivudine/Nevirapine/Zidovudine,11.4,N/A - From RDC,SO-33333,Pre-PQ Process,Date Not Captured,ARV,151-NG-T01,18-Dec-09,Air,Adult,60,0.19,SCMS from RDC,N/A - From RDC,7663
12496,DN-836,Generic,Nigeria,31-Jul-08,31-Jul-08,200mg,Capsule,No,See DN-836 (ID#:11244),From RDC,"Efavirenz 200mg, capsule, 90 Caps",28.98,1132,18112.0,PMO - US,"Aurobindo Unit III, India",Efavirenz,16.0,N/A - From RDC,SO-2553,Pre-PQ Process,Pre-PQ Process,ARV,123-NG-T01,31-Jul-08,Air,Pediatric,90,0.18,SCMS from RDC,N/A - From RDC,See DN-836 (ID#:11244)
10687,DN-646,Bioline,Kenya,27-Feb-08,27-Feb-08,MIssing,Test kit,Yes,98.08,From RDC,"HIV 1/2, Bioline 3.0 Kit, Lancets, Capillary pipets, Alcohol swabs included, 25 Tests",8.64,270,5400.0,PMO - US,"Standard Diagnostics, Korea","HIV 1/2, Bioline 3.0 Kit, Lancets, Capillary pipets, Alcohol swabs included",20.0,N/A - From RDC,SO-1389,Pre-PQ Process,Pre-PQ Process,HRDT,102-KE-T01,27-Feb-08,Truck,HIV test,25,0.8,SCMS from RDC,N/A - From RDC,97
12560,DN-1161,Kaletra,CÃte dIvoire,20-Mar-09,20-Mar-09,80/20mg/ml,Oral solution,Yes,Invoiced Separately,From RDC,"Lopinavir/Ritonavir 80/20mg/ml [Kaletra], oral solution, cool, Bottle 5 x 60 ml",72.18,896,36825.6,PMO - US,ABBVIE (Abbott) Logis. UK,Lopinavir/Ritonavir,41.1,N/A - From RDC,SO-27030,Pre-PQ Process,Pre-PQ Process,ARV,104-CI-T01,20-Mar-09,Air,Pediatric,300,0.14,SCMS from RDC,N/A - From RDC,Weight Captured Separately
12128,DN-545,Generic,CÃte dIvoire,25-Jan-08,25-Jan-08,MIssing,Test kit - Ancillary,No,See DN-545 (ID#:11817),From RDC,"HIV, Lancet, Safety, for HIV Test kits, 100 Pcs",0.02,1250,12.5,PMO - US,Inverness Japan,"HIV, Lancet, Safety, for HIV Test kits, 100 Pcs",0.01,N/A - From RDC,SO-1482,Pre-PQ Process,Pre-PQ Process,HRDT,104-CI-T01,25-Jan-08,Air,HIV test - Ancillary,100,0.0,SCMS from RDC,N/A - From RDC,See DN-545 (ID#:11817)
5647,ASN-1618,Generic,Uganda,22-May-08,22-May-08,MIssing,Test kit - Ancillary,Yes,360,Direct Drop,"HIV, Lancet, Safety, for HIV Test kits, 100 Pcs",0.01,850,8.5,PMO - US,Inverness Japan,"HIV, Lancet, Safety, for HIV Test kits, 100 Pcs",0.01,03-11-08,SCMS-18750,Pre-PQ Process,Pre-PQ Process,HRDT,114-UG-T01,22-May-08,Air,HIV test - Ancillary,100,0.0,"Orgenics, Ltd",EXW,56
10368,ASN-4613,Generic,South Africa,17-Jun-09,17-Jun-09,10mg/ml,Oral solution,Yes,Freight Included in Commodity Cost,Direct Drop,"Lamivudine 10mg/ml, oral solution, Bottle, 240 ml",11.07,1000,5650.0,PMO - US,"Aurobindo Unit III, India",Lamivudine,5.65,3/27/09,SCMS-49530,Pre-PQ Process,Pre-PQ Process,ARV,116-ZA-T01,25-Jun-09,Truck,Pediatric,240,0.02,S. BUYS WHOLESALER,DDP,Weight Captured Separately
7729,ASN-3626,Generic,South Africa,27-Jan-09,27-Jan-09,50mg,Capsule,Yes,Freight Included in Commodity Cost,Direct Drop,"Efavirenz 50mg, capsule, 30 Caps",18.03,2996,9197.72,PMO - US,"Aurobindo Unit III, India",Efavirenz,3.07,Date Not Captured,SCMS-41090,Pre-PQ Process,Pre-PQ Process,ARV,116-ZA-T01,09-Jun-09,Air,Pediatric,30,0.1,S. BUYS WHOLESALER,DDP,Weight Captured Separately
1080,ASN-5055,Zerit,South Africa,19-Aug-09,19-Aug-09,15mg,Capsule,Yes,Freight Included in Commodity Cost,Direct Drop,"Stavudine 15mg [Zerit], capsules, 60 Caps",20.9,2700,10665.0,PMO - US,"BMS Meymac, France",Stavudine,3.95,6/15/09,SCMS-41480,Pre-PQ Process,Pre-PQ Process,ARV,116-ZA-T01,19-Aug-09,Truck,Adult,60,0.07,S. BUYS WHOLESALER,DDP,Weight Captured Separately
10504,ASN-4310,Uni-Gold,Namibia,29-Jun-09,29-Jun-09,MIssing,Test kit,Yes,1862.27,Direct Drop,"HIV 1/2, Uni-Gold HIV Kit, 20 Tests",7.53,120,3840.0,PMO - US,"Trinity Biotech, Plc","HIV 1/2, Uni-Gold HIV Kit",32.0,06-04-09,SCMS-47150,Pre-PQ Process,Pre-PQ Process,HRDT,119-NA-T01,29-Jun-09,Air,HIV test,20,1.6,"Trinity Biotech, Plc",EXW,41
11192,DN-427,Generic,Mozambique,22-Nov-07,22-Nov-07,150/30mg,Tablet - FDC,Yes,3682.34,From RDC,"Lamivudine/Stavudine 150/30mg, tablets, 30 Tabs",77.25,24140,48280.0,PMO - US,"Cipla, Goa, India",Lamivudine/Stavudine,2.0,N/A - From RDC,SO-992,Pre-PQ Process,Pre-PQ Process,ARV,111-MZ-T01,22-Nov-07,Air,Adult,30,0.07,SCMS from RDC,N/A - From RDC,1434
11725,DN-201,Generic,Zambia,26-Jun-07,26-Jun-07,200mg,Capsule,Yes,1848.37,From RDC,"Efavirenz 200mg, capsule, 90 Caps",93.18,3436,58240.2,PMO - US,"Aurobindo Unit III, India",Efavirenz,16.95,N/A - From RDC,SO-615,Pre-PQ Process,Pre-PQ Process,ARV,110-ZM-T01,26-Jun-07,Air,Pediatric,90,0.19,SCMS from RDC,N/A - From RDC,395
535,ASN-2167,Videx EC,Tanzania,02-Sep-08,02-Sep-08,400mg,Delayed-release capsules - blister,Yes,645.1,Direct Drop,"Didanosine EC 400mg [Videx EC], delayed-release capsules, Blister 3 x 10 Caps",98.35,2597,61470.99,PMO - US,"BMS Meymac, France",Didanosine EC,23.67,5/15/08,SCMS-23610,Pre-PQ Process,Pre-PQ Process,ARV,109-TZ-T01,02-Sep-08,Air,Adult,30,0.79,BRISTOL-MYERS SQUIBB,CIP,117
11090,DN-17,Generic,Mozambique,09-Jan-07,09-Jan-07,150/300mg,Tablet - FDC,No,See DN-17 (ID#:10541),From RDC,"Lamivudine/Zidovudine 150/300mg, tablets, 60 Tabs",MIssing,6156,68577.84,PMO - US,"Aurobindo Unit III, India",Lamivudine/Zidovudine,11.14,N/A - From RDC,SO-324,Pre-PQ Process,Pre-PQ Process,ARV,111-MZ-T01,09-Jan-07,Air,Adult,60,0.19,SCMS from RDC,N/A - From RDC,See DN-17 (ID#:10541)
13568,ASN-31070,Generic,South Africa,09-Mar-15,09-Mar-15,600mg,Tablet,Yes,Freight Included in Commodity Cost,Direct Drop,"Efavirenz 600mg, tablets, 30 Tabs",1.61,139,1566.38,PMO - US,"Aurobindo Unit III, India",Efavirenz,11.27,03-09-15,SCMS-259074,FPQ-14942,09-11-14,ARV,116-ZA-T30,09-Mar-15,Truck,Adult,30,0.38,PHARMACY DIRECT,DDP,Weight Captured Separately
12280,DN-1221,Generic,Haiti,22-May-09,22-May-09,600mg,Tablet,No,See DN-1221 (ID#:11636),From RDC,"Efavirenz 600mg, tablets, 30 Tabs",191.75,10065,97831.8,PMO - US,"Aurobindo Unit III, India",Efavirenz,9.72,N/A - From RDC,SO-24840,Pre-PQ Process,Pre-PQ Process,ARV,106-HT-T01,22-May-09,Air,Adult,30,0.32,SCMS from RDC,N/A - From RDC,See DN-1221 (ID#:11636)
12289,DN-1257,Generic,Nigeria,05-Jun-09,05-Jun-09,150/300mg,Tablet - FDC,Yes,1012.18,From RDC,"Lamivudine/Zidovudine 150/300mg, tablets, 60 Tabs",30,1747,15303.72,PMO - US,Mylan (formerly Matrix) Nashik,Lamivudine/Zidovudine,8.76,N/A - From RDC,SO-21052,Pre-PQ Process,Pre-PQ Process,ARV,112-NG-T01,05-Jun-09,Air,Adult,60,0.15,SCMS from RDC,N/A - From RDC,148
9145,ASN-3897,Uni-Gold,Namibia,05-Jun-09,05-Jun-09,MIssing,Test kit,Yes,6148.29,Direct Drop,"HIV 1/2, Uni-Gold HIV Kit, 20 Tests",37.63,600,19200.0,PMO - US,"Trinity Biotech, Plc","HIV 1/2, Uni-Gold HIV Kit",32.0,4/20/09,SCMS-44710,Pre-PQ Process,Pre-PQ Process,HRDT,139-NA-T01,05-Jun-09,Air,HIV test,20,1.6,"Trinity Biotech, Plc",EXW,205
9657,ASN-1665,Zerit,South Africa,24-Apr-08,24-Apr-08,30mg,Capsule,No,Freight Included in Commodity Cost,Direct Drop,"Stavudine 30mg [Zerit], capsules, 60 Caps",7.82,1000,4890.0,PMO - US,"BMS Meymac, France",Stavudine,4.89,2/20/08,SCMS-19800,Pre-PQ Process,Pre-PQ Process,ARV,116-ZA-T01,24-Apr-08,Truck,Adult,60,0.08,S. BUYS WHOLESALER,DDP,Weight Captured Separately
10500,ASN-5369,Generic,South Africa,12-Oct-09,12-Oct-09,10mg/ml,Oral solution,Yes,Freight Included in Commodity Cost,Direct Drop,"Zidovudine 10mg/ml, oral solution, Bottle, 240 ml",3.04,200,1410.0,PMO - US,"Aurobindo Unit III, India",Zidovudine,7.05,06-05-09,SCMS-47052,Pre-PQ Process,Pre-PQ Process,ARV,116-ZA-T01,12-Oct-09,Truck,Pediatric,240,0.03,S. BUYS WHOLESALER,DDP,Weight Captured Separately
12337,DN-126,Generic,Mozambique,01-Jun-07,01-Jun-07,10mg/ml,Oral solution,Yes,478.51,From RDC,"Zidovudine 10mg/ml, oral solution, Bottle, 240 ml",MIssing,650,2567.5,PMO - US,"Aurobindo Unit III, India",Zidovudine,3.95,N/A - From RDC,SO-501,Pre-PQ Process,Pre-PQ Process,ARV,111-MZ-T01,01-Jun-07,Air,Pediatric,240,0.02,SCMS from RDC,N/A - From RDC,193
12483,DN-658,Determine,Haiti,19-Mar-08,19-Mar-08,MIssing,Test kit,Yes,1328.2,From RDC,"HIV 1/2, Determine HIV Kit, without Lancets, 100 Tests",36.98,345,23115.0,PMO - US,Inverness Japan,"HIV 1/2, Determine HIV Kit, without Lancets",67.0,N/A - From RDC,SO-1916,Pre-PQ Process,Pre-PQ Process,HRDT,106-HT-T01,19-Mar-08,Air,HIV test,100,0.67,SCMS from RDC,N/A - From RDC,60
1282,ASN-272,Generic,Vietnam,14-Mar-07,14-Mar-07,150/300mg,Tablet - FDC,Yes,18772.94,Direct Drop,"Lamivudine/Zidovudine 150/300mg, tablets, 60 Tabs",MIssing,25100,276100.0,PMO - US,"Cipla, Goa, India",Lamivudine/Zidovudine,11.0,11/15/06,SCMS-169,Pre-PQ Process,Pre-PQ Process,ARV,108-VN-T01,14-Mar-07,Air,Adult,60,0.18,CIPLA LIMITED,EXW,2575
11843,DN-549,Generic,CÃte dIvoire,15-Jan-08,15-Jan-08,10mg/ml,Oral suspension,Yes,6146,From RDC,"Nevirapine 10mg/ml, oral suspension, Bottle, 240 ml",17.14,5581,10715.52,PMO - US,"Aurobindo Unit III, India",Nevirapine,1.92,N/A - From RDC,SO-1144,Pre-PQ Process,Pre-PQ Process,ARV,104-CI-T01,28-Dec-07,Air,Pediatric,240,0.01,SCMS from RDC,N/A - From RDC,1988
13302,ASN-8578,Generic,Rwanda,02-Nov-10,02-Nov-10,300/300mg,Tablet - FDC,Yes,4781.8,Direct Drop,"Lamivudine/Tenofovir Disoproxil Fumarate 300/300mg, tablets, 30 Tabs",2611.33,138422,1211192.5,PMO - US,Mylan (formerly Matrix) Nashik,Lamivudine/Tenofovir Disoproxil Fumarate,8.75,9/29/10,SCMS-84420,FPQ-6185,09-03-10,ARV,107-RW-T30,02-Nov-10,Air,Adult,30,0.29,MYLAN LABORATORIES LTD (FORMERLY MATRIX LABORATORIES),CIP,13147
12935,ASN-23215,Generic,Vietnam,09-Jan-14,09-Jan-14,150/300mg,Tablet - FDC,Yes,1869.41,Direct Drop,"Lamivudine/Zidovudine 150/300mg, tablets, 60 Tabs",92.62,11092,74871.0,PMO - US,Mylan (formerly Matrix) Nashik,Lamivudine/Zidovudine,6.75,5/15/13,SCMS-188650,FPQ-12051,05-03-13,ARV,108-VN-T30,09-Jan-14,Air,Adult,60,0.11,MYLAN LABORATORIES LTD (FORMERLY MATRIX LABORATORIES),EXW,957
11292,DN-1052,Generic,Ethiopia,03-Mar-09,03-Mar-09,150/30mg,Tablet - FDC,No,See DN-1052 (ID#:10737),From RDC,"Lamivudine/Stavudine 150/30mg, tablets, 60 Tabs",7.78,1044,3967.2,PMO - US,Mylan (formerly Matrix) Nashik,Lamivudine/Stavudine,3.8,N/A - From RDC,SO-22020,Pre-PQ Process,Pre-PQ Process,ARV,117-ET-T01,03-Mar-09,Air,Adult,60,0.06,SCMS from RDC,N/A - From RDC,See DN-1052 (ID#:10737)
8648,ASN-2794,Stat-Pak,Nigeria,20-Nov-08,20-Nov-08,MIssing,Test kit,Yes,24025.77,Direct Drop,"HIV 1/2, Stat-Pak HIV, Kit, 20 Tests",560.63,10594,286038.0,PMO - US,Chembio Diagnostics Sys. Inc.,"HIV 1/2, Stat-Pak HIV, Kit",27.0,8/26/08,SCMS-28870,Pre-PQ Process,Pre-PQ Process,HRDT,133-NG-T01,15-Jan-09,Air,HIV test,20,1.35,"CHEMBIO DIAGNOSTIC SYSTEMS, INC.",EXW,3039
12694,DN-363,Generic,Uganda,16-Oct-07,16-Oct-07,150/300mg,Tablet - FDC,Yes,739,From RDC,"Lamivudine/Zidovudine 150/300mg, tablets, 60 Tabs",20.52,1350,12825.0,PMO - US,"Aurobindo Unit III, India",Lamivudine/Zidovudine,9.5,N/A - From RDC,SO-1081,Pre-PQ Process,Pre-PQ Process,ARV,114-UG-T01,16-Oct-07,MIssing,Adult,60,0.16,SCMS from RDC,N/A - From RDC,80
11953,DN-927,Generic,Zambia,06-Oct-08,06-Oct-08,600mg,Tablet,Yes,8539.26,From RDC,"Efavirenz 600mg, tablets, 30 Tabs",401.23,20880,250768.8,PMO - US,Mylan (formerly Matrix) Nashik,Efavirenz,12.01,N/A - From RDC,SO-1897,Pre-PQ Process,Pre-PQ Process,ARV,110-ZM-T01,06-Oct-08,MIssing,Adult,30,0.4,SCMS from RDC,N/A - From RDC,1603
9566,ASN-1520,Stocrin/Sustiva,South Africa,04-Jan-08,04-Jan-08,200mg,Capsule,No,Freight Included in Commodity Cost,Direct Drop,"Efavirenz 200mg [Stocrin/Sustiva], capsule, 90 Caps",5.28,100,3297.0,PMO - US,"MSD Midrand, Jburg, SA",Efavirenz,32.97,01-04-08,SCMS-16600,Pre-PQ Process,Pre-PQ Process,ARV,116-ZA-T01,21-Jan-08,MIssing,Pediatric,90,0.37,"JSI R&T INSTITUTE, INC.",DDP,Weight Captured Separately
10915,DN-465,Generic,Zambia,30-Nov-07,30-Nov-07,200mg,Capsule,Yes,1448.2,From RDC,"Efavirenz 200mg, capsule, 90 Caps",52.89,2066,33056.0,PMO - US,"Aurobindo Unit III, India",Efavirenz,16.0,N/A - From RDC,SO-1329,Pre-PQ Process,Pre-PQ Process,ARV,110-ZM-T01,30-Nov-07,MIssing,Pediatric,90,0.18,SCMS from RDC,N/A - From RDC,236
12537,DN-850,Generic,Mozambique,05-Sep-08,05-Sep-08,600mg,Tablet,No,See DN-850 (ID#:10733),From RDC,"Efavirenz 600mg, tablets, 30 Tabs",185.43,9650,115896.5,PMO - US,"Aurobindo Unit III, India",Efavirenz,12.01,N/A - From RDC,SO-2424,Pre-PQ Process,Pre-PQ Process,ARV,111-MZ-T01,05-Sep-08,Air,Adult,30,0.4,SCMS from RDC,N/A - From RDC,See DN-850 (ID#:10733)
1122,ASN-4787,OraQuick,Haiti,16-Sep-09,16-Sep-09,MIssing,Test kit,Yes,3128.19,Direct Drop,"HIV 1/2, OraQuick Advance HIV Rapid Antibody Kit, 100 Tests",41.16,60,21000.0,PMO - US,"Pacific Biotech, Thailand","HIV 1/2, OraQuick Advance HIV Rapid Antibody Kit",350.0,04-02-09,SCMS-42720,Pre-PQ Process,Pre-PQ Process,HRDT,106-HT-T01,16-Sep-09,Air,HIV test,100,3.5,Orasure Technologies Inc.,EXW,144
5677,ASN-1665,Zerit,South Africa,24-Apr-08,24-Apr-08,20mg,Capsule,No,Freight Included in Commodity Cost,Direct Drop,"Stavudine 20mg [Zerit], capsules, 60 Caps",1.56,200,978.0,PMO - US,"BMS Meymac, France",Stavudine,4.89,2/20/08,SCMS-19800,Pre-PQ Process,Pre-PQ Process,ARV,116-ZA-T01,24-Apr-08,Truck,Adult,60,0.08,S. BUYS WHOLESALER,DDP,Weight Captured Separately
11613,DN-882,Truvada,Nigeria,24-Aug-08,24-Aug-08,300/200mg,Tablet - FDC,Yes,8924.98,From RDC,"Emtricitabine/Tenofovir Disoproxil Fumarate 200/300mg [Truvada], tablets, 30 Tabs",630,15000,393750.0,PMO - US,"Aspen-OSD, Port Elizabeth, SA",Emtricitabine/Tenofovir Disoproxil Fumarate,26.25,N/A - From RDC,SO-11810,Pre-PQ Process,Pre-PQ Process,ARV,132-NG-T01,24-Aug-08,Air,Adult,30,0.88,SCMS from RDC,N/A - From RDC,1317
9032,ASN-3623,Epivir,South Africa,03-Dec-08,03-Dec-08,10mg/ml,Oral solution,No,Freight Included in Commodity Cost,Direct Drop,"Lamivudine 10mg/ml [Epivir], oral solution, Bottle, 240 ml",20.34,2000,10380.0,PMO - US,GSK Mississauga (Canada),Lamivudine,5.19,Date Not Captured,SCMS-41040,Pre-PQ Process,Pre-PQ Process,ARV,116-ZA-T01,07-Apr-09,Air,Pediatric,240,0.02,S. BUYS WHOLESALER,DDP,Weight Captured Separately
6933,ASN-1462,Stat-Pak,Nigeria,27-Mar-08,27-Mar-08,MIssing,Test kit,Yes,13535.55,Direct Drop,"HIV 1/2, Stat-Pak HIV, Kit, 20 Tests",352.21,8153,220131.0,PMO - US,Chembio Diagnostics Sys. Inc.,"HIV 1/2, Stat-Pak HIV, Kit",27.0,01-07-08,SCMS-16880,Pre-PQ Process,Pre-PQ Process,HRDT,102-NG-T01,21-Apr-08,Air,HIV test,20,1.35,"CHEMBIO DIAGNOSTIC SYSTEMS, INC.",EXW,2707
10833,DN-172,Generic,Nigeria,26-Jun-07,26-Jun-07,200mg,Tablet,No,See DN-172 (ID#:10566),From RDC,"Nevirapine 200mg, tablets, 60 Tabs",MIssing,1198,4276.86,PMO - US,"Strides, Bangalore, India.",Nevirapine,3.57,N/A - From RDC,SO-557,Pre-PQ Process,Pre-PQ Process,ARV,112-NG-T01,26-Jun-07,MIssing,Adult,60,0.06,SCMS from RDC,N/A - From RDC,See DN-172 (ID#:10566)
12277,DN-1215,Generic,Mozambique,28-Jun-09,28-Jun-09,150/200/30mg,Tablet - FDC,No,See DN-1215 (ID#:10764),From RDC,"Lamivudine/Nevirapine/Stavudine 150/200/30mg, tablets, 60 Tabs",248.63,17618,126849.6,PMO - US,"Cipla, Goa, India",Lamivudine/Nevirapine/Stavudine,7.2,N/A - From RDC,SO-28550,Pre-PQ Process,Pre-PQ Process,ARV,111-MZ-T01,28-Jun-09,Air,Adult,60,0.12,SCMS from RDC,N/A - From RDC,See DN-1215 (ID#:10764)
11862,DN-739,Truvada,Nigeria,14-May-08,14-May-08,300/200mg,Tablet - FDC,Yes,2204,From RDC,"Emtricitabine/Tenofovir Disoproxil Fumarate 200/300mg [Truvada], tablets, 30 Tabs",141.08,3359,88173.75,PMO - US,"Aspen-OSD, Port Elizabeth, SA",Emtricitabine/Tenofovir Disoproxil Fumarate,26.25,N/A - From RDC,SO-2578,Pre-PQ Process,Pre-PQ Process,ARV,131-NG-T01,14-May-08,Air,Adult,30,0.88,SCMS from RDC,N/A - From RDC,300
11117,DN-194,Aluvia,CÃte dIvoire,28-Jun-07,28-Jun-07,200/50mg,Tablet,Yes,3256,From RDC,"Lopinavir/Ritonavir 200/50mg [Aluvia], tablets, 120 Tabs",263.04,4000,164400.0,PMO - US,ABBVIE Ludwigshafen Germany,Lopinavir/Ritonavir,41.1,N/A - From RDC,SO-586,Pre-PQ Process,Pre-PQ Process,ARV,104-CI-T01,28-Jun-07,MIssing,Adult,120,0.34,SCMS from RDC,N/A - From RDC,1015
61,ASN-137,Uni-Gold,Zambia,08-Jan-07,08-Jan-07,MIssing,Test kit,Yes,13569.49,Direct Drop,"HIV 1/2, Uni-Gold HIV Kit, 20 Tests",MIssing,2500,100000.0,PMO - US,"Trinity Biotech, Plc","HIV 1/2, Uni-Gold HIV Kit",40.0,Date Not Captured,SCMS-226,Pre-PQ Process,Pre-PQ Process,HRDT,110-ZM-T01,08-Jan-07,Air,HIV test,20,2.0,"Trinity Biotech, Plc",EXW,853
7467,ASN-3154,Colloidal Gold,Ethiopia,26-Jan-09,26-Jan-09,MIssing,Test kit,Yes,20083.74,Direct Drop,"HIV 1/2, SKB Colloidal Gold, Diagnostic Kit, Antibody, 50 Tests",158.23,3510,80730.0,PMO - US,"KHB Test Kit Facility, Shanghai China","HIV 1/2, Colloidal Gold, Diagnostic Kit, Antibody",23.0,10/27/08,SCMS-32630,Pre-PQ Process,Pre-PQ Process,HRDT,117-ET-T01,26-Jan-09,Air,HIV test,1,23.0,"SHANGHAI KEHUA BIOENGINEERING CO.,LTD.  (KHB)",EXW,2535
9036,ASN-3752,Generic,South Africa,21-Nov-08,21-Nov-08,200mg,Tablet,No,Freight Included in Commodity Cost,Direct Drop,"Nevirapine 200mg, tablets, 60 Tabs",5.88,200,2998.0,PMO - US,"Cipla, Goa, India",Nevirapine,14.99,Date Not Captured,SCMS-41140,Pre-PQ Process,Pre-PQ Process,ARV,116-ZA-T01,31-Mar-09,Air,Adult,60,0.25,S. BUYS WHOLESALER,DDP,Weight Captured Separately
13138,ASN-17530,Determine,Nigeria,10-Jan-13,10-Jan-13,MIssing,Test kit,Yes,25193.28,Direct Drop,"HIV 1/2, Determine Complete HIV Kit, 100 Tests",342.39,2744,244216.0,PMO - US,"Alere Medical Co., Ltd.","HIV 1/2, Determine Complete HIV Kit",89.0,10/16/12,SCMS-162440,FPQ-10765,10-05-12,HRDT,133-NG-T30,09-Jan-13,Air,HIV test,100,0.89,"Orgenics, Ltd",EXW,1186
12271,DN-1166,Generic,Nigeria,08-May-09,08-May-09,600mg,Tablet,Yes,15128.37,From RDC,"Efavirenz 600mg, tablets, 30 Tabs",539,25000,275000.0,PMO - US,"Aurobindo Unit III, India",Efavirenz,11.0,N/A - From RDC,SO-22830,Pre-PQ Process,Pre-PQ Process,ARV,123-NG-T01,08-May-09,Air Charter,Adult,30,0.37,SCMS from RDC,N/A - From RDC,2267
8760,ASN-3079,Uni-Gold,Namibia,14-Jan-09,14-Jan-09,MIssing,Test kit,Yes,585.12,Direct Drop,"HIV 1/2, Uni-Gold HIV Kit, 20 Tests",2.2,35,1120.0,PMO - US,"Trinity Biotech, Plc","HIV 1/2, Uni-Gold HIV Kit",32.0,10/24/08,SCMS-32420,Pre-PQ Process,Pre-PQ Process,HRDT,141-NA-T01,14-Jan-09,Air,HIV test,20,1.6,"Trinity Biotech, Plc",EXW,12
4929,ASN-3676,Bioline,Zambia,26-Mar-09,26-Mar-09,MIssing,Test kit,Yes,1205.43,Direct Drop,"HIV 1/2, Bioline 3.0 Kit, Lancets, Capillary pipets, Alcohol swabs included, 25 Tests",11.76,300,6000.0,PMO - US,"Standard Diagnostics, Korea","HIV 1/2, Bioline 3.0 Kit, Lancets, Capillary pipets, Alcohol swabs included",20.0,1/27/09,SCMS-37770,Pre-PQ Process,Pre-PQ Process,HRDT,110-ZM-T01,26-Mar-09,Air,HIV test,25,0.8,"Standard Diagnostics, Inc.",EXW,94
3848,ASN-4403,Generic,Vietnam,03-Aug-09,03-Aug-09,600mg,Tablet,Yes,4453.71,Direct Drop,"Efavirenz 600mg, tablets, 30 Tabs",83.47,6552,42588.0,PMO - US,Mylan (formerly Matrix) Nashik,Efavirenz,6.5,4/29/09,SCMS-45020,Pre-PQ Process,Pre-PQ Process,ARV,108-VN-T01,03-Aug-09,Air,Adult,30,0.22,MYLAN LABORATORIES LTD (FORMERLY MATRIX LABORATORIES),EXW,524
4085,ASN-834,Generic,Guyana,21-Sep-07,21-Sep-07,MIssing,Test kit - Ancillary,Yes,Invoiced Separately,Direct Drop,"HIV, Lancet, Safety, for HIV Test kits, 100 Pcs",0.01,442,4.42,PMO - US,Inverness Japan,"HIV, Lancet, Safety, for HIV Test kits, 100 Pcs",0.01,8/28/07,SCMS-11650,Pre-PQ Process,Pre-PQ Process,HRDT,102-GY-T01,21-Sep-07,Air,HIV test - Ancillary,100,0.0,"Orgenics, Ltd",EXW,Weight Captured Separately
11655,DN-1287,Generic,Uganda,22-Jun-09,22-Jun-09,600mg,Tablet,No,See DN-1287 (ID#:11055),From RDC,"Efavirenz 600mg, tablets, 30 Tabs",98.01,7300,50005.0,PMO - US,"Aurobindo Unit III, India",Efavirenz,6.85,N/A - From RDC,SO-31360,Pre-PQ Process,Pre-PQ Process,ARV,114-UG-T01,22-Jun-09,Air,Adult,30,0.23,SCMS from RDC,N/A - From RDC,See DN-1287 (ID#:11055)
11235,DN-826,Generic,Tanzania,29-Jul-08,29-Jul-08,150/300mg,Tablet - FDC,No,See DN-826 (ID#:10674),From RDC,"Lamivudine/Zidovudine 150/300mg, tablets, 60 Tabs",87.83,5809,54895.05,PMO - US,"Aurobindo Unit III, India",Lamivudine/Zidovudine,9.45,N/A - From RDC,SO-2560,Pre-PQ Process,Pre-PQ Process,ARV,109-TZ-T01,29-Jul-08,Air,Adult,60,0.16,SCMS from RDC,N/A - From RDC,See DN-826 (ID#:10674)
4303,ASN-1401,Uni-Gold,Rwanda,11-Jul-08,11-Jul-08,MIssing,Test kit,Yes,15987.05,Direct Drop,"HIV 1/2, Uni-Gold HIV Kit, 20 Tests",161.28,3150,100800.0,PMO - US,"Trinity Biotech, Plc","HIV 1/2, Uni-Gold HIV Kit",32.0,2/26/08,SCMS-18350,Pre-PQ Process,Pre-PQ Process,HRDT,107-RW-T01,11-Jul-08,Air,HIV test,20,1.6,"Trinity Biotech, Plc",EXW,1080
7475,ASN-3553,Retrovir,South Africa,09-Oct-08,09-Oct-08,300mg,Tablet,No,Freight Included in Commodity Cost,Direct Drop,"Zidovudine 300mg [Retrovir], tablets, 60 Tabs",8.66,350,4417.0,PMO - US,GSK Aranda,Zidovudine,12.62,Date Not Captured,SCMS-33320,Pre-PQ Process,Pre-PQ Process,ARV,116-ZA-T01,17-May-09,Truck,Adult,60,0.21,S. BUYS WHOLESALER,DDP,Weight Captured Separately
12682,DN-290,Generic,Tanzania,10-Sep-07,10-Sep-07,600mg,Tablet,No,See DN-290 (ID#:10859),From RDC,"Efavirenz 600mg, tablets, 30 Tabs",208.13,8000,130080.0,PMO - US,"Aurobindo Unit III, India",Efavirenz,16.26,N/A - From RDC,SO-455,Pre-PQ Process,Pre-PQ Process,ARV,109-TZ-T01,10-Sep-07,MIssing,Adult,30,0.54,SCMS from RDC,N/A - From RDC,See DN-290 (ID#:10859)
6125,ASN-3553,Generic,South Africa,09-Oct-08,09-Oct-08,200mg,Tablet,No,Freight Included in Commodity Cost,Direct Drop,"Nevirapine 200mg, tablets, 60 Tabs",4.62,120,2355.6,PMO - US,"Cipla, Goa, India",Nevirapine,19.63,Date Not Captured,SCMS-33320,Pre-PQ Process,Pre-PQ Process,ARV,116-ZA-T01,17-May-09,Truck,Adult,60,0.33,S. BUYS WHOLESALER,DDP,Weight Captured Separately
1644,ASN-1934,Determine,CÃte dIvoire,22-Jul-08,22-Jul-08,MIssing,Test kit,Yes,5175.72,Direct Drop,"HIV 1/2, Determine HIV Kit, without Lancets, 100 Tests",124.99,1116,78120.0,PMO - US,Inverness Japan,"HIV 1/2, Determine HIV Kit, without Lancets",70.0,2/28/08,SCMS-18450,Pre-PQ Process,Pre-PQ Process,HRDT,104-CI-T01,22-Jul-08,Air,HIV test,100,0.7,"Orgenics, Ltd",EXW,255
11374,DN-71,Crixivan,CÃte dIvoire,30-Apr-07,30-Apr-07,400mg,Capsule,Yes,1583,From RDC,"Indinavir 400mg [Crixivan], capsules, 180 Caps",MIssing,740,36496.8,PMO - US,MSD Elkton USA,Indinavir,49.32,N/A - From RDC,SO-286,Pre-PQ Process,Pre-PQ Process,ARV,100-CI-T01,30-Apr-07,MIssing,Adult,180,0.27,SCMS from RDC,N/A - From RDC,206
9179,ASN-4184,Uni-Gold,Botswana,19-Jun-09,19-Jun-09,MIssing,Test kit,Yes,808,Direct Drop,"HIV 1/2, Uni-Gold HIV Kit, 20 Tests",4.7,75,2400.0,PMO - US,"Trinity Biotech, Plc","HIV 1/2, Uni-Gold HIV Kit",32.0,5/18/09,SCMS-46110,Pre-PQ Process,Pre-PQ Process,HRDT,102-BW-T01,19-Jun-09,Air,HIV test,20,1.6,"Trinity Biotech, Plc",EXW,25
1723,ASN-2291,Retrovir,South Africa,25-Apr-08,25-Apr-08,300mg,Tablet,Yes,Freight Included in Commodity Cost,Direct Drop,"Zidovudine 300mg [Retrovir], tablets, 60 Tabs",6.65,300,4155.0,PMO - US,GSK Aranda,Zidovudine,13.85,04-04-08,SCMS-21460,Pre-PQ Process,Pre-PQ Process,ARV,116-ZA-T01,25-Apr-08,MIssing,Adult,60,0.23,S. BUYS WHOLESALER,DDP,Weight Captured Separately
6439,ASN-4332,Generic,South Africa,23-Apr-09,23-Apr-09,10mg/ml,Oral suspension,No,See ASN-4332 (ID#:1115),Direct Drop,"Nevirapine 10mg/ml, oral suspension, Bottle, 240 ml",1.47,80,750.4,PMO - US,"Aurobindo Unit III, India",Nevirapine,9.38,04-02-09,SCMS-47500,Pre-PQ Process,Pre-PQ Process,ARV,116-ZA-T01,15-May-09,Truck,Pediatric,240,0.04,S. BUYS WHOLESALER,DDP,See ASN-4332 (ID#:1115)
11484,DN-434,Trizivir,CÃte dIvoire,22-Nov-07,22-Nov-07,300/150/300mg,Tablet - FDC,No,See DN-434 (ID#:11483),From RDC,"Abacavir/Lamivudine/Zidovudine 300/150/300mg [Trizivir], tablets, 60 Tabs",133.36,1873,83348.5,PMO - US,GSK Ware (UK),Abacavir/Lamivudine/Zidovudine,44.5,N/A - From RDC,SO-1101,Pre-PQ Process,Pre-PQ Process,ARV,104-CI-T01,22-Nov-07,Air,Adult,60,0.74,SCMS from RDC,N/A - From RDC,See DN-434 (ID#:11483)
11618,DN-1060,Generic,Ethiopia,18-Feb-09,18-Feb-09,150/200/30mg,Tablet - FDC,Yes,29336.46,From RDC,"Lamivudine/Nevirapine/Stavudine 150/200/30mg, tablets, 60 Tabs",115.24,8258,58796.96,PMO - US,"Strides, Bangalore, India.",Lamivudine/Nevirapine/Stavudine,7.12,N/A - From RDC,SO-22000,Pre-PQ Process,Pre-PQ Process,ARV,117-ET-T01,18-Feb-09,Air,Adult,60,0.12,SCMS from RDC,N/A - From RDC,5147
466,ASN-1741,Uni-Gold,Ethiopia,09-May-08,09-May-08,MIssing,Test kit,Yes,Freight Included in Commodity Cost,Direct Drop,"HIV 1/2, Uni-Gold HIV Kit, 20 Tests",1.11,15,691.42,PMO - US,"Trinity Biotech, Plc","HIV 1/2, Uni-Gold HIV Kit",46.09,Date Not Captured,SCMS-21550,Pre-PQ Process,Pre-PQ Process,HRDT,117-ET-T01,09-May-08,Air,HIV test,20,2.3,TURE PHARMACEUTICALS & MEDICAL SUPPLIES P.L.C.,DDP,Weight Captured Separately
11456,DN-353,Generic,Zambia,14-Sep-07,14-Sep-07,1mg/ml,Oral solution,Yes,5181,From RDC,"Stavudine 1mg/ml, powder for oral solution, 200 ml",21,9050,13122.5,PMO - US,"Aurobindo Unit III, India",Stavudine,1.45,N/A - From RDC,SO-1072,Pre-PQ Process,Pre-PQ Process,ARV,110-ZM-T01,14-Sep-07,MIssing,Pediatric,200,0.01,SCMS from RDC,N/A - From RDC,1084
10542,DN-5,Generic,Zimbabwe,06-Feb-07,06-Feb-07,600mg,Tablet,Yes,1428.67,From RDC,"Efavirenz 600mg, tablets, 30 Tabs",MIssing,1050,17062.5,PMO - US,"Aurobindo Unit III, India",Efavirenz,16.25,N/A - From RDC,SO-253,Pre-PQ Process,Pre-PQ Process,ARV,113-ZW-T01,06-Feb-07,MIssing,Adult,30,0.54,SCMS from RDC,N/A - From RDC,90
10639,DN-444,Determine,Haiti,31-Dec-07,31-Dec-07,MIssing,Test kit,Yes,2219.44,From RDC,"HIV 1/2, Determine HIV Kit, without Lancets, 100 Tests",1.15,10,720.0,PMO - US,Inverness Japan,"HIV 1/2, Determine HIV Kit, without Lancets",72.0,N/A - From RDC,SO-1290,Pre-PQ Process,Pre-PQ Process,HRDT,125-HT-T01,31-Dec-07,Air,HIV test,100,0.72,SCMS from RDC,N/A - From RDC,6
12550,DN-1057,Generic,Nigeria,19-Jan-09,19-Jan-09,600mg,Tablet,Yes,13538.35,From RDC,"Efavirenz 600mg, tablets, 30 Tabs",301.84,14000,154000.0,PMO - US,"Aurobindo Unit III, India",Efavirenz,11.0,N/A - From RDC,SO-15051,Pre-PQ Process,Pre-PQ Process,ARV,131-NG-T01,19-Jan-09,Air,Adult,30,0.37,SCMS from RDC,N/A - From RDC,1169
10756,DN-1174,Generic,Mozambique,14-May-09,14-May-09,150mg,Tablet,Yes,968.55,From RDC,"Lamivudine 150mg, tablets, 60 Tabs",2.76,486,1409.4,PMO - US,Hetero Unit III Hyderabad IN,Lamivudine,2.9,N/A - From RDC,SO-27880,Pre-PQ Process,Pre-PQ Process,ARV,111-MZ-T01,14-May-09,Air,Adult,60,0.05,SCMS from RDC,N/A - From RDC,23
10573,DN-196,Generic,CÃte dIvoire,28-Jun-07,28-Jun-07,150/200/30mg,Tablet - FDC,Yes,17587,From RDC,"Lamivudine/Nevirapine/Stavudine 150/200/30mg, tablets, 60 Tabs",484.93,40411,303082.5,PMO - US,"Cipla, Goa, India",Lamivudine/Nevirapine/Stavudine,7.5,N/A - From RDC,SO-603,Pre-PQ Process,Pre-PQ Process,ARV,104-CI-T01,28-Jun-07,MIssing,Adult,60,0.12,SCMS from RDC,N/A - From RDC,7185
11712,DN-112,OraQuick,Haiti,08-May-07,08-May-07,MIssing,Test kit,Yes,977.64,From RDC,"HIV 1/2, OraQuick Advance HIV Rapid Antibody Kit, 100 Tests",MIssing,15,6000.0,PMO - US,"Pacific Biotech, Thailand","HIV 1/2, OraQuick Advance HIV Rapid Antibody Kit",400.0,N/A - From RDC,SO-504,Pre-PQ Process,Pre-PQ Process,HRDT,100-HT-T01,08-May-07,Air,HIV test,100,4.0,SCMS from RDC,N/A - From RDC,Weight Captured Separately
11245,DN-639,Generic,Zambia,14-Mar-08,14-Mar-08,200mg,Tablet,Yes,6539.8,From RDC,"Nevirapine 200mg, tablets, 60 Tabs",150.48,27662,94050.8,PMO - US,Hetero Unit III Hyderabad IN,Nevirapine,3.4,N/A - From RDC,SO-1880,Pre-PQ Process,Pre-PQ Process,ARV,110-ZM-T01,14-Mar-08,Truck,Adult,60,0.06,SCMS from RDC,N/A - From RDC,4128
6082,ASN-3313,Generic,Vietnam,23-Feb-09,23-Feb-09,200mg,Tablet,No,See ASN-3313 (ID#:3456),Direct Drop,"Nevirapine 200mg, tablets, 60 Tabs",23.87,4200,12180.0,PMO - US,"Aurobindo Unit III, India",Nevirapine,2.9,10/21/08,SCMS-31730,Pre-PQ Process,Pre-PQ Process,ARV,108-VN-T01,23-Feb-09,Air,Adult,60,0.05,Aurobindo Pharma Limited,EXW,See ASN-3313 (ID#:3456)
3159,ASN-2096,Stat-Pak,Ethiopia,01-Jul-08,01-Jul-08,MIssing,Test kit,Yes,Freight Included in Commodity Cost,Direct Drop,"HIV 1/2, Stat-Pak HIV, Kit, 20 Tests",6.08,81,3798.09,PMO - US,Chembio Diagnostics Sys. Inc.,"HIV 1/2, Stat-Pak HIV, Kit",46.89,4/28/08,SCMS-22810,Pre-PQ Process,Pre-PQ Process,HRDT,117-ET-T01,01-Jul-08,Air,HIV test,20,2.34,SETEMA LIMITED PLC,DDP,Weight Captured Separately
8714,ASN-3508,Generic,Zambia,18-Mar-09,18-Mar-09,MIssing,Test kit - Ancillary,No,See ASN-3508 (ID#:3441),Direct Drop,"HIV, Lancet, Safety, for HIV Test kits, 100 Pcs",0.11,5500,55.0,PMO - US,Inverness Japan,"HIV, Lancet, Safety, for HIV Test kits, 100 Pcs",0.01,10-02-08,SCMS-31390,Pre-PQ Process,Pre-PQ Process,HRDT,110-ZM-T01,18-Mar-09,Air,HIV test - Ancillary,100,0.0,"Orgenics, Ltd",EXW,See ASN-3508 (ID#:3441)
12131,DN-475,Generic,Nigeria,03-Dec-07,03-Dec-07,10mg/ml,Oral solution,No,See DN-475 (ID#:10642),From RDC,"Lamivudine 10mg/ml, oral solution, Bottle, 240 ml",5.32,1283,3322.97,PMO - US,"Cipla, Goa, India",Lamivudine,2.59,N/A - From RDC,SO-567,Pre-PQ Process,Pre-PQ Process,ARV,112-NG-T01,03-Dec-07,Air,Pediatric,240,0.01,SCMS from RDC,N/A - From RDC,See DN-475 (ID#:10642)
3771,ASN-4386,Retrovir,South Africa,21-Apr-09,21-Apr-09,100mg,Capsule,Yes,Freight Included in Commodity Cost,Direct Drop,"Zidovudine 100mg [Retrovir], capsules, 100 Caps",19.38,800,9888.0,PMO - US,GSK Crawley,Zidovudine,12.36,3/27/09,SCMS-41585,Pre-PQ Process,Pre-PQ Process,ARV,116-ZA-T01,25-Jun-09,Air,Pediatric,100,0.12,S. BUYS WHOLESALER,DDP,Weight Captured Separately
60,ASN-223,Aluvia,Zambia,16-Feb-07,16-Feb-07,200/50mg,Tablet,Yes,Freight Included in Commodity Cost,Direct Drop,"Lopinavir/Ritonavir 200/50mg [Aluvia], tablets, 120 Tabs",MIssing,2800,115080.0,PMO - US,ABBVIE Ludwigshafen Germany,Lopinavir/Ritonavir,41.1,12-01-06,SCMS-221,Pre-PQ Process,Pre-PQ Process,ARV,110-ZM-T01,16-Feb-07,Air,Adult,120,0.34,ABBVIE LOGISTICS (FORMERLY ABBOTT LOGISTICS BV),CIP,643
10749,DN-959,Generic,Nigeria,30-Oct-08,30-Oct-08,600mg,Tablet,Yes,18617.93,From RDC,"Efavirenz 600mg, tablets, 30 Tabs",46.01,2003,23475.16,PMO - US,"Aurobindo Unit III, India",Efavirenz,11.72,N/A - From RDC,SO-10610,Pre-PQ Process,Pre-PQ Process,ARV,130-NG-T01,30-Oct-08,Air,Adult,30,0.39,SCMS from RDC,N/A - From RDC,181
11224,DN-569,Generic,CÃte dIvoire,29-Jan-08,29-Jan-08,150/300mg,Tablet - FDC,Yes,30167,From RDC,"Lamivudine/Zidovudine 150/300mg, tablets, 60 Tabs",449.81,29593,281133.5,PMO - US,"Aurobindo Unit III, India",Lamivudine/Zidovudine,9.5,N/A - From RDC,SO-1104,Pre-PQ Process,Pre-PQ Process,ARV,104-CI-T01,29-Jan-08,Air,Adult,60,0.16,SCMS from RDC,N/A - From RDC,10877
10670,DN-589,Generic,Uganda,28-Feb-08,28-Feb-08,150/200/30mg,Tablet - FDC,Yes,1430.22,From RDC,"Lamivudine/Nevirapine/Stavudine 150/200/30mg, tablets, 60 Tabs",1.1,93,688.2,PMO - US,"Cipla, Goa, India",Lamivudine/Nevirapine/Stavudine,7.4,N/A - From RDC,SO-1082,Pre-PQ Process,Pre-PQ Process,ARV,114-UG-T01,28-Feb-08,MIssing,Adult,60,0.12,SCMS from RDC,N/A - From RDC,311
10726,DN-966,Generic,Zambia,07-Nov-08,07-Nov-08,200mg,Tablet,Yes,2938.92,From RDC,"Nevirapine 200mg, tablets, 60 Tabs",333.2,50000,170000.0,PMO - US,Hetero Unit III Hyderabad IN,Nevirapine,3.4,N/A - From RDC,SO-2492,Pre-PQ Process,Pre-PQ Process,ARV,110-ZM-T01,07-Nov-08,Truck,Adult,60,0.06,SCMS from RDC,N/A - From RDC,2764
11958,DN-1158,Aluvia,CÃte dIvoire,20-Mar-09,20-Mar-09,200/50mg,Tablet,Yes,Invoiced Separately,From RDC,"Lopinavir/Ritonavir 200/50mg [Aluvia], tablets, 120 Tabs",124.38,1544,63458.4,PMO - US,ABBVIE (Abbott) Logis. UK,Lopinavir/Ritonavir,41.1,N/A - From RDC,SO-27011,Pre-PQ Process,Pre-PQ Process,ARV,104-CI-T01,20-Mar-09,Air,Adult,120,0.34,SCMS from RDC,N/A - From RDC,Weight Captured Separately
12328,DN-1499,Generic,Zambia,23-Oct-09,23-Oct-09,600mg,Tablet,Yes,5097.09,From RDC,"Efavirenz 600mg, tablets, 30 Tabs",173.73,13941,80578.98,PMO - US,"Emcure Plot No.P-2, I.T-B.T. Park, Phase II, MIDC, Hinjwadi, Pune, India",Efavirenz,5.78,N/A - From RDC,SO-33320,Pre-PQ Process,Date Not Captured,ARV,110-ZM-T01,23-Oct-09,Air,Adult,30,0.19,SCMS from RDC,N/A - From RDC,986
2147,ASN-2935,Colloidal Gold,Ethiopia,03-Dec-08,03-Dec-08,MIssing,Test kit,Yes,22433.91,Direct Drop,"HIV 1/2, SKB Colloidal Gold, Diagnostic Kit, Antibody, 50 Tests",158.23,3510,80730.0,PMO - US,"KHB Test Kit Facility, Shanghai China","HIV 1/2, Colloidal Gold, Diagnostic Kit, Antibody",23.0,10/27/08,SCMS-32640,Pre-PQ Process,Pre-PQ Process,HRDT,117-ET-T01,03-Dec-08,Air,HIV test,1,23.0,"SHANGHAI KEHUA BIOENGINEERING CO.,LTD.  (KHB)",EXW,2535
10903,DN-409,Generic,Nigeria,16-Nov-07,16-Nov-07,50mg,Capsule,Yes,1616.04,From RDC,"Efavirenz 50mg, capsule, 30 Caps",0.36,100,224.0,PMO - US,"Aurobindo Unit III, India",Efavirenz,2.24,N/A - From RDC,SO-1221,Pre-PQ Process,Pre-PQ Process,ARV,112-NG-T01,16-Nov-07,Air,Pediatric,30,0.07,SCMS from RDC,N/A - From RDC,118
361,ASN-1318,Capillus,Haiti,18-Feb-08,18-Feb-08,MIssing,Test kit,Yes,Invoiced Separately,Direct Drop,"HIV 1/2, Capillus HIV Kit, 100 Tests",0.44,2,278.0,PMO - US,"Trinity Biotech, Plc","HIV 1/2, Capillus HIV Kit",139.0,Date Not Captured,SCMS-14080,Pre-PQ Process,Pre-PQ Process,HRDT,125-HT-T01,18-Feb-08,Air,HIV test,100,1.39,"Trinity Biotech, Plc",EXW,Weight Captured Separately
1048,ASN-3750,Generic,Haiti,15-Apr-09,15-Apr-09,100/25mg,Tablet,Yes,893.22,Direct Drop,"Lopinavir/Ritonavir 100/25mg [Aluvia], tablets, 60 Tabs",0.93,46,472.88,PMO - US,ABBVIE Ludwigshafen Germany,Lopinavir/Ritonavir,10.28,03-06-09,SCMS-40030,Pre-PQ Process,Pre-PQ Process,ARV,106-HT-T01,15-Apr-09,Air,Pediatric,60,0.17,ABBVIE LOGISTICS (FORMERLY ABBOTT LOGISTICS BV),FCA,10
9564,ASN-2292,Videx,South Africa,25-Apr-08,25-Apr-08,2g,Powder for oral solution,Yes,Freight Included in Commodity Cost,Direct Drop,"Didanosine 2g [Videx], powder for oral solution 10mg/ml, reconstitute to 200 ml",0.09,4,57.92,PMO - US,"BMS Meymac, France",Didanosine,14.48,01-04-08,SCMS-16600,Pre-PQ Process,Pre-PQ Process,ARV,116-ZA-T01,21-Jan-08,MIssing,Pediatric,200,0.07,"JSI R&T INSTITUTE, INC.",DDP,Weight Captured Separately
10883,DN-327,Invirase,CÃte dIvoire,10-Sep-07,10-Sep-07,200mg,Capsule,Yes,14182.54,From RDC,"Saquinavir 200mg [Invirase], capsules, 270 Caps",31.71,252,19817.28,PMO - US,Roche Basel,Saquinavir,78.64,N/A - From RDC,SO-972,Pre-PQ Process,Pre-PQ Process,ARV,104-CI-T01,10-Sep-07,MIssing,Adult,270,0.29,SCMS from RDC,N/A - From RDC,1736
9055,ASN-4387,Viramune,South Africa,15-Apr-09,15-Apr-09,200mg,Tablet,No,Freight Included in Commodity Cost,Direct Drop,"Nevirapine 200mg [Viramune], tablets, 60 Tabs",197.1,6000,100560.0,PMO - US,"Boehringer Ing., Koropi, GR",Nevirapine,16.76,3/27/09,SCMS-41586,Pre-PQ Process,Pre-PQ Process,ARV,116-ZA-T01,25-Jun-09,Air,Adult,60,0.28,S. BUYS WHOLESALER,DDP,Weight Captured Separately
9090,ASN-4005,OraQuick,Haiti,03-Jun-09,03-Jun-09,MIssing,Test kit,Yes,3013.19,Direct Drop,"HIV 1/2, OraQuick Advance HIV Rapid Antibody Kit, 100 Tests",37.73,55,19250.0,PMO - US,"Pacific Biotech, Thailand","HIV 1/2, OraQuick Advance HIV Rapid Antibody Kit",350.0,04-02-09,SCMS-42700,Pre-PQ Process,Pre-PQ Process,HRDT,106-HT-T01,03-Jun-09,Air,HIV test,100,3.5,Orasure Technologies Inc.,EXW,132
12058,DN-144,Uni-Gold,Tanzania,06-Jul-07,06-Jul-07,MIssing,Test kit,Yes,2297,From RDC,"HIV 1/2, Uni-Gold HIV Kit, 20 Tests",MIssing,100,3200.0,PMO - US,"Trinity Biotech, Plc","HIV 1/2, Uni-Gold HIV Kit",32.0,N/A - From RDC,SO-306,Pre-PQ Process,Pre-PQ Process,HRDT,109-TZ-T01,06-Jul-07,Air,HIV test,20,1.6,SCMS from RDC,N/A - From RDC,Weight Captured Separately
4333,ASN-1787,Generic,Namibia,04-Jun-08,04-Jun-08,MIssing,Test kit - Ancillary,Yes,Invoiced Separately,Direct Drop,"HIV, Lancet, Safety, for HIV Test kits, 100 Pcs",0,142,1.42,PMO - US,Inverness Japan,"HIV, Lancet, Safety, for HIV Test kits, 100 Pcs",0.01,3/18/08,SCMS-19130,Pre-PQ Process,Pre-PQ Process,HRDT,119-NA-T01,04-Jun-08,Air,HIV test - Ancillary,100,0.0,"Orgenics, Ltd",EXW,Weight Captured Separately
2965,ASN-1301,Capillus,Haiti,18-Feb-08,18-Feb-08,MIssing,Test kit,Yes,Invoiced Separately,Direct Drop,"HIV 1/2, Capillus HIV Kit, 100 Tests",0.89,4,556.0,PMO - US,"Trinity Biotech, Plc","HIV 1/2, Capillus HIV Kit",139.0,01-03-08,SCMS-15880,Pre-PQ Process,Pre-PQ Process,HRDT,100-HT-T01,27-Feb-08,Air,HIV test,100,1.39,"Trinity Biotech, Plc",EXW,Weight Captured Separately
12908,DN-1397,Generic,Uganda,24-Aug-09,24-Aug-09,150mg,Tablet,No,See DN-1397 (ID#:11678),From RDC,"Lamivudine 150mg, tablets, 60 Tabs",10.7,2237,5458.28,PMO - US,"Aurobindo Unit III, India",Lamivudine,2.44,N/A - From RDC,SO-32920,Pre-PQ Process,Date Not Captured,ARV,114-UG-T01,24-Aug-09,Air,Adult,60,0.04,SCMS from RDC,N/A - From RDC,See DN-1397 (ID#:11678)
12656,DN-160,Viracept,CÃte dIvoire,15-Jun-07,15-Jun-07,250mg,Tablet,No,See DN-160 (ID#:11397),From RDC,"Nelfinavir (as mesilate) 250mg [Viracept], tablets, 270 Tabs",MIssing,460,37453.2,PMO - US,Roche Madrid,Nelfinavir (as mesilate),81.42,N/A - From RDC,SO-517,Pre-PQ Process,Pre-PQ Process,ARV,104-CI-T01,15-Jun-07,MIssing,Adult,270,0.3,SCMS from RDC,N/A - From RDC,See DN-160 (ID#:11397)
10901,DN-384,Generic,Zambia,29-Oct-07,29-Oct-07,10mg/ml,Oral solution,Yes,25739.49,From RDC,"Lamivudine 10mg/ml, oral solution, Bottle, 240 ml",17.32,5496,10827.12,PMO - US,"Aurobindo Unit III, India",Lamivudine,1.97,N/A - From RDC,SO-976,Pre-PQ Process,Pre-PQ Process,ARV,110-ZM-T01,29-Oct-07,MIssing,Pediatric,240,0.01,SCMS from RDC,N/A - From RDC,6230
11609,DN-1052,Generic,Ethiopia,03-Mar-09,03-Mar-09,150/30mg,Tablet - FDC,No,See DN-1052 (ID#:10737),From RDC,"Lamivudine/Stavudine 150/30mg, tablets, 30 Tabs",58.07,14814,29628.0,PMO - US,"Cipla, Goa, India",Lamivudine/Stavudine,2.0,N/A - From RDC,SO-22020,Pre-PQ Process,Pre-PQ Process,ARV,117-ET-T01,03-Mar-09,Air,Adult,30,0.07,SCMS from RDC,N/A - From RDC,See DN-1052 (ID#:10737)
7121,ASN-2336,Generic,Vietnam,19-Sep-08,19-Sep-08,300mg,Tablet,No,See ASN-2336 (ID#:530),Direct Drop,"Zidovudine 300mg, tablets, 60 Tabs",7.78,648,4860.0,PMO - US,Mylan (formerly Matrix) Nashik,Zidovudine,7.5,5/14/08,SCMS-23450,Pre-PQ Process,Pre-PQ Process,ARV,108-VN-T01,19-Sep-08,Air,Adult,60,0.12,MYLAN LABORATORIES LTD (FORMERLY MATRIX LABORATORIES),EXW,See ASN-2336 (ID#:530)
11967,DN-1198,Truvada,Nigeria,30-Apr-09,30-Apr-09,300/200mg,Tablet - FDC,Yes,2922.53,From RDC,"Emtricitabine/Tenofovir Disoproxil Fumarate 200/300mg [Truvada], tablets, 30 Tabs",106.35,2067,54258.75,PMO - US,"Aspen-OSD, Port Elizabeth, SA",Emtricitabine/Tenofovir Disoproxil Fumarate,26.25,N/A - From RDC,SO-22522,Pre-PQ Process,Pre-PQ Process,ARV,151-NG-T01,30-Apr-09,Air,Adult,30,0.88,SCMS from RDC,N/A - From RDC,235
10821,DN-44,Viread,Mozambique,17-Apr-07,17-Apr-07,300mg,Tablet,No,See DN-44 (ID#:10549),From RDC,"Tenofovir Disoproxil Fumarate 300mg [Viread], tablets, 30 Tabs",MIssing,2997,50949.0,PMO - US,Gilead(Nycomed) Oranienburg DE,Tenofovir Disoproxil Fumarate,17.0,N/A - From RDC,SO-293,Pre-PQ Process,Pre-PQ Process,ARV,111-MZ-T01,17-Apr-07,Air,Adult,30,0.57,SCMS from RDC,N/A - From RDC,See DN-44 (ID#:10549)
10925,DN-623,Generic,Zimbabwe,05-Mar-08,05-Mar-08,150/200/30mg,Tablet - FDC,Yes,13317.2,From RDC,"Lamivudine/Nevirapine/Stavudine 150/200/30mg, tablets, 60 Tabs",440.92,37240,275576.0,PMO - US,"Cipla, Goa, India",Lamivudine/Nevirapine/Stavudine,7.4,N/A - From RDC,SO-712,Pre-PQ Process,Pre-PQ Process,ARV,100-ZW-T01,05-Mar-08,Air,Adult,60,0.12,SCMS from RDC,N/A - From RDC,4080
12310,DN-1397,Generic,Uganda,24-Aug-09,24-Aug-09,200mg,Tablet,No,See DN-1397 (ID#:11678),From RDC,"Nevirapine 200mg, tablets, 60 Tabs",9.38,1650,4785.0,PMO - US,Hetero Unit III Hyderabad IN,Nevirapine,2.9,N/A - From RDC,SO-32920,Pre-PQ Process,Date Not Captured,ARV,114-UG-T01,24-Aug-09,Air,Adult,60,0.05,SCMS from RDC,N/A - From RDC,See DN-1397 (ID#:11678)
837,ASN-3553,Zerit,South Africa,09-Oct-08,09-Oct-08,1mg/ml,Powder for oral solution,No,Freight Included in Commodity Cost,Direct Drop,"Stavudine 1mg/ml [Zerit], powder for oral solution, Bottle, 200 ml",1.68,600,858.0,PMO - US,"BMS Meymac, France",Stavudine,1.43,Date Not Captured,SCMS-33320,Pre-PQ Process,Pre-PQ Process,ARV,116-ZA-T01,17-May-09,Truck,Pediatric,200,0.01,S. BUYS WHOLESALER,DDP,Weight Captured Separately
11022,DN-988,Generic,CÃte dIvoire,01-Dec-08,01-Dec-08,150/300mg,Tablet - FDC,Yes,22758.49,From RDC,"Lamivudine/Zidovudine 150/300mg, tablets, 60 Tabs",591.12,32256,301593.6,PMO - US,"Aurobindo Unit III, India",Lamivudine/Zidovudine,9.35,N/A - From RDC,SO-11850,Pre-PQ Process,Pre-PQ Process,ARV,104-CI-T01,01-Dec-08,Air,Adult,60,0.16,SCMS from RDC,N/A - From RDC,5589
1295,ASN-229,Aluvia,Mozambique,15-Feb-07,15-Feb-07,200/50mg,Tablet,Yes,Freight Included in Commodity Cost,Direct Drop,"Lopinavir/Ritonavir 200/50mg [Aluvia], tablets, 120 Tabs",MIssing,80,3288.0,PMO - US,ABBSP,Lopinavir/Ritonavir,41.1,11/17/06,SCMS-211,Pre-PQ Process,Pre-PQ Process,ARV,111-MZ-T01,15-Feb-07,Air,Adult,120,0.34,ABBVIE LOGISTICS (FORMERLY ABBOTT LOGISTICS BV),CIP,25
3154,ASN-2234,Determine,Botswana,03-Sep-08,03-Sep-08,MIssing,Test kit,Yes,1038.39,Direct Drop,"HIV 1/2, Determine HIV Kit, without Lancets, 100 Tests",11.52,100,7199.0,PMO - US,Inverness Japan,"HIV 1/2, Determine HIV Kit, without Lancets",71.99,4/28/08,SCMS-22770,Pre-PQ Process,Pre-PQ Process,HRDT,102-BW-T01,20-Jan-09,Air,HIV test,100,0.72,"Orgenics, Ltd",EXW,25
9352,ASN-1933,Bioline,Tanzania,22-Jul-08,22-Jul-08,MIssing,Test kit,Yes,22663.18,Direct Drop,"HIV 1/2, Bioline 3.0 Kit, Lancets, Capillary pipets, Alcohol swabs included, 25 Tests",320,10000,200000.0,PMO - US,"Standard Diagnostics, Korea","HIV 1/2, Bioline 3.0 Kit, Lancets, Capillary pipets, Alcohol swabs included",20.0,10/23/07,SCMS-10350,Pre-PQ Process,Pre-PQ Process,HRDT,109-TZ-T01,22-Jul-08,Air,HIV test,25,0.8,"Standard Diagnostics, Inc.",EXW,3110
10675,DN-732,Determine,Pakistan,19-May-08,19-May-08,MIssing,Test kit,Yes,Invoiced Separately,From RDC,"HIV 1/2, Determine HIV Kit, without Lancets, 100 Tests",2.3,20,1439.8,PMO - US,Inverness Japan,"HIV 1/2, Determine HIV Kit, without Lancets",71.99,N/A - From RDC,SO-2496,Pre-PQ Process,Pre-PQ Process,HRDT,100-PK-T01,19-May-08,Air,HIV test,100,0.72,SCMS from RDC,N/A - From RDC,Weight Captured Separately
12844,DN-1115,Generic,Zimbabwe,06-Apr-09,06-Apr-09,600mg,Tablet,No,See DN-1115 (ID#:11008),From RDC,"Efavirenz 600mg, tablets, 30 Tabs",94.16,4000,48040.0,PMO - US,"Aurobindo Unit III, India",Efavirenz,12.01,N/A - From RDC,SO-18100,Pre-PQ Process,Pre-PQ Process,ARV,113-ZW-T01,06-Apr-09,Truck,Adult,30,0.4,SCMS from RDC,N/A - From RDC,See DN-1115 (ID#:11008)
10698,DN-643,Generic,CÃte dIvoire,06-Mar-08,06-Mar-08,150/200/30mg,Tablet - FDC,Yes,3056.96,From RDC,"Lamivudine/Nevirapine/Stavudine 150/200/30mg, tablets, 60 Tabs",151.94,12833,94964.2,PMO - US,"Cipla, Goa, India",Lamivudine/Nevirapine/Stavudine,7.4,N/A - From RDC,SO-1663,Pre-PQ Process,Pre-PQ Process,ARV,104-CI-T01,06-Mar-08,Air,Adult,60,0.12,SCMS from RDC,N/A - From RDC,1316
5978,ASN-2503,Zerit,South Africa,14-Aug-08,14-Aug-08,30mg,Capsule,No,Freight Included in Commodity Cost,Direct Drop,"Stavudine 30mg [Zerit], capsules, 60 Caps",2.78,350,1736.0,PMO - US,"BMS Meymac, France",Stavudine,4.96,Date Not Captured,SCMS-28830,Pre-PQ Process,Pre-PQ Process,ARV,116-ZA-T01,25-Aug-08,Truck,Adult,60,0.08,S. BUYS WHOLESALER,DDP,Weight Captured Separately
7183,ASN-1966,First Response,Rwanda,04-Jul-08,04-Jul-08,MIssing,Test kit,Yes,17331.66,Direct Drop,"HIV 1/2/O, First Response HIV 1-2.0, v.3.0 Cards Kit, 30 Tests",163.15,6180,101970.0,PMO - US,Premier Med. Corp Ltd. India,"HIV 1/2/O, First Response HIV 1-2.0, v.3.0 Cards Kit",16.5,06-12-08,SCMS-25210,Pre-PQ Process,Pre-PQ Process,HRDT,107-RW-T01,04-Jul-08,Air,HIV test,30,0.55,Premier Medical Corporation Ltd.,EXW,2130
108,ASN-727,Videx,CÃte dIvoire,02-Oct-07,02-Oct-07,200mg,Tablet,Yes,Freight Included in Commodity Cost,Direct Drop,"#102198**Didanosine 200mg [Videx], tablets, 60 Tabs",224.93,5513,140581.5,PMO - US,"BMS Meymac, France",Didanosine,25.5,7/13/07,SCMS-698,Pre-PQ Process,Pre-PQ Process,ARV,104-CI-T01,02-Oct-07,Air,Pediatric,60,0.42,BRISTOL-MYERS SQUIBB,CIP,2126
3897,ASN-4836,Generic,South Africa,28-Jul-09,28-Jul-09,10mg/ml,Oral suspension,No,Freight Included in Commodity Cost,Direct Drop,"Nevirapine 10mg/ml, oral suspension, Bottle, 240 ml",0.64,30,328.2,PMO - US,"Aurobindo Unit III, India",Nevirapine,10.94,06-05-09,SCMS-47051,Pre-PQ Process,Pre-PQ Process,ARV,116-ZA-T01,12-Oct-09,Truck,Pediatric,240,0.05,S. BUYS WHOLESALER,DDP,Weight Captured Separately
2994,ASN-1520,Stocrin/Sustiva,South Africa,04-Jan-08,04-Jan-08,600mg,Tablet,No,Freight Included in Commodity Cost,Direct Drop,"Efavirenz 600mg [Stocrin/Sustiva], tablets, 30 Tabs",38.09,1200,23808.0,PMO - US,"MSD Midrand, Jburg, SA",Efavirenz,19.84,01-04-08,SCMS-16600,Pre-PQ Process,Pre-PQ Process,ARV,116-ZA-T01,21-Jan-08,MIssing,Adult,30,0.66,"JSI R&T INSTITUTE, INC.",DDP,Weight Captured Separately
11688,DN-1467,Generic,Mozambique,07-Nov-09,07-Nov-09,150/300mg,Tablet - FDC,Yes,4764.16,From RDC,"Lamivudine/Zidovudine 150/300mg, tablets, 60 Tabs",283.71,16524,144750.24,PMO - US,"Aurobindo Unit III, India",Lamivudine/Zidovudine,8.76,N/A - From RDC,SO-33580,Pre-PQ Process,Date Not Captured,ARV,111-MZ-T01,07-Nov-09,Air,Adult,60,0.15,SCMS from RDC,N/A - From RDC,1488
10999,DN-891,Generic,Tanzania,23-Sep-08,23-Sep-08,150/200/30mg,Tablet - FDC,Yes,64506.78,From RDC,"Lamivudine/Nevirapine/Stavudine 150/200/30mg, tablets, 60 Tabs",1460.07,123317,912545.8,PMO - US,"Cipla, Goa, India",Lamivudine/Nevirapine/Stavudine,7.4,N/A - From RDC,SO-2566,Pre-PQ Process,Pre-PQ Process,ARV,109-TZ-T01,23-Sep-08,Truck,Adult,60,0.12,SCMS from RDC,N/A - From RDC,13253
11845,DN-576,Generic,Ethiopia,01-Feb-08,01-Feb-08,150mg,Tablet,Yes,9187.8,From RDC,"Lamivudine 150mg, tablets, 60 Tabs",236.74,48671,147959.84,PMO - US,"Ranbaxy, Paonta Shahib, India",Lamivudine,3.04,N/A - From RDC,SO-1536,Pre-PQ Process,Pre-PQ Process,ARV,117-ET-T01,01-Feb-08,Air,Adult,60,0.05,SCMS from RDC,N/A - From RDC,2533
10086,ASN-3259,Stat-Pak,Ethiopia,30-Jan-09,30-Jan-09,MIssing,Test kit,Yes,6112.63,Direct Drop,"HIV 1/2, Stat-Pak HIV, Kit, 20 Tests",196.39,3711,100197.0,PMO - US,Chembio Diagnostics Sys. Inc.,"HIV 1/2, Stat-Pak HIV, Kit",27.0,10/22/08,SCMS-32410,Pre-PQ Process,Pre-PQ Process,HRDT,117-ET-T01,30-Jan-09,Air,HIV test,20,1.35,"CHEMBIO DIAGNOSTIC SYSTEMS, INC.",EXW,1341
12236,DN-901,Generic,Nigeria,10-Sep-08,10-Sep-08,300mg,Tablet,Yes,900,From RDC,"Tenofovir Disoproxil Fumarate 300mg, tablets, 30 Tabs",4.28,196,2677.36,PMO - US,Mylan (formerly Matrix) Nashik,Tenofovir Disoproxil Fumarate,13.66,N/A - From RDC,SO-11031,Pre-PQ Process,Pre-PQ Process,ARV,112-NG-T01,10-Sep-08,Air,Adult,30,0.46,SCMS from RDC,N/A - From RDC,12
11741,DN-275,Generic,Tanzania,22-Aug-07,22-Aug-07,200mg,Tablet,Yes,3267,From RDC,"Nevirapine 200mg, tablets, 60 Tabs",67.44,11807,42150.99,PMO - US,"Aurobindo Unit III, India",Nevirapine,3.57,N/A - From RDC,SO-769,Pre-PQ Process,Pre-PQ Process,ARV,109-TZ-T01,22-Aug-07,Air,Adult,60,0.06,SCMS from RDC,N/A - From RDC,1802
9002,ASN-3712,Kaletra,Haiti,20-Apr-09,20-Apr-09,80/20mg/ml,Oral solution,Yes,2704.58,Direct Drop,"Lopinavir/Ritonavir 80/20mg/ml [Kaletra], oral solution, cool, Bottle 5 x 60 ml",4.03,50,2055.0,PMO - US,ABBVIE (Abbott) Logis. UK,Lopinavir/Ritonavir,41.1,03-06-09,SCMS-40060,Pre-PQ Process,Pre-PQ Process,ARV,106-HT-T01,20-Apr-09,Air,Pediatric,300,0.14,ABBVIE LOGISTICS (FORMERLY ABBOTT LOGISTICS BV),FCA,99
5905,ASN-2408,Ziagen,Tanzania,08-Sep-08,08-Sep-08,20mg/ml,Oral solution,Yes,633,Direct Drop,"Abacavir 20mg/ml [Ziagen], oral solution, Bottle, 240 ml",3.18,132,1990.56,PMO - US,GSK Mississauga (Canada),Abacavir,15.08,07-04-08,SCMS-26640,Pre-PQ Process,Pre-PQ Process,ARV,109-TZ-T01,08-Sep-08,Air,Pediatric,240,0.06,GLAXOSMITHKLINE EXPORT LIMITED,CIP,65
4301,ASN-1788,Determine,Zambia,06-Jun-08,06-Jun-08,MIssing,Test kit,Yes,8690.26,Direct Drop,"HIV 1/2, Determine HIV Kit, without Lancets, 100 Tests",495.29,4300,309557.0,PMO - US,Inverness Japan,"HIV 1/2, Determine HIV Kit, without Lancets",71.99,2/29/08,SCMS-18240,Pre-PQ Process,Pre-PQ Process,HRDT,110-ZM-T01,06-Jun-08,Air,HIV test,100,0.72,"Orgenics, Ltd",EXW,979
12569,DN-1197,Aluvia,Uganda,24-Apr-09,24-Apr-09,200/50mg,Tablet,Yes,1381.64,From RDC,"Lopinavir/Ritonavir 200/50mg [Aluvia], tablets, 120 Tabs",6.44,80,3288.0,PMO - US,ABBVIE Ludwigshafen Germany,Lopinavir/Ritonavir,41.1,N/A - From RDC,SO-26180,Pre-PQ Process,Pre-PQ Process,ARV,114-UG-T01,24-Apr-09,Air,Adult,120,0.34,SCMS from RDC,N/A - From RDC,19
6519,ASN-4215,Determine,Botswana,10-Jul-09,10-Jul-09,MIssing,Test kit,Yes,3321.08,Direct Drop,"HIV 1/2, Determine HIV Kit, without Lancets, 100 Tests",164.64,1200,84000.0,PMO - US,Inverness Japan,"HIV 1/2, Determine HIV Kit, without Lancets",70.0,4/30/09,SCMS-45090,Pre-PQ Process,Pre-PQ Process,HRDT,102-BW-T01,10-Jul-09,Air,HIV test,100,0.7,"Orgenics, Ltd",EXW,274
10691,DN-686,Determine,Haiti,03-Apr-08,03-Apr-08,MIssing,Test kit,Yes,785.88,From RDC,"HIV 1/2, Determine HIV Kit, without Lancets, 100 Tests",1.15,10,720.0,PMO - US,Inverness Japan,"HIV 1/2, Determine HIV Kit, without Lancets",72.0,N/A - From RDC,SO-1291,Pre-PQ Process,Pre-PQ Process,HRDT,125-HT-T01,03-Apr-08,Air,HIV test,100,0.72,SCMS from RDC,N/A - From RDC,12
12411,DN-323,Generic,CÃte dIvoire,14-Sep-07,14-Sep-07,100mg,Chewable/dispersible tablet,No,See DN-323 (ID#:10588),From RDC,"Didanosine 100mg, chewable/dispersible tablets, 60 Tabs",21.03,1696,13144.0,PMO - US,"Aurobindo Unit III, India",Didanosine,7.75,N/A - From RDC,SO-963,Pre-PQ Process,Pre-PQ Process,ARV,104-CI-T01,14-Sep-07,MIssing,Pediatric,60,0.13,SCMS from RDC,N/A - From RDC,See DN-323 (ID#:10588)
12302,DN-1346,Truvada,Nigeria,04-Aug-09,04-Aug-09,300/200mg,Tablet - FDC,Yes,7445.8,From RDC,"Emtricitabine/Tenofovir Disoproxil Fumarate 200/300mg [Truvada], tablets, 30 Tabs",1169.46,22730,596662.5,PMO - US,"Aspen-OSD, Port Elizabeth, SA",Emtricitabine/Tenofovir Disoproxil Fumarate,26.25,N/A - From RDC,SO-27810,Pre-PQ Process,Date Not Captured,ARV,151-NG-T01,04-Aug-09,Air Charter,Adult,30,0.88,SCMS from RDC,N/A - From RDC,1977
1350,ASN-727,Videx,CÃte dIvoire,02-Oct-07,02-Oct-07,50mg,Chewable/dispersible tablet,No,Freight Included in Commodity Cost,Direct Drop,"Didanosine 50mg [Videx], chewable tablets, 60 Tabs",64.9,4270,40565.0,PMO - US,"BMS Meymac, France",Didanosine,9.5,7/13/07,SCMS-698,Pre-PQ Process,Pre-PQ Process,ARV,104-CI-T01,02-Oct-07,Air,Pediatric,60,0.16,BRISTOL-MYERS SQUIBB,CIP,Weight Captured Separately
176,ASN-745,Stat-Pak,Nigeria,03-Oct-07,03-Oct-07,MIssing,Test kit,Yes,20885.78,Direct Drop,"HIV 1/2, Stat-Pak HIV, Kit, 20 Tests",432,10000,270000.0,PMO - US,Chembio Diagnostics Sys. Inc.,"HIV 1/2, Stat-Pak HIV, Kit",27.0,8/28/07,SCMS-11750,Pre-PQ Process,Pre-PQ Process,HRDT,102-NG-T01,03-Oct-07,Air,HIV test,20,1.35,"CHEMBIO DIAGNOSTIC SYSTEMS, INC.",EXW,3263
12773,DN-582,Generic,CÃte dIvoire,01-Feb-08,01-Feb-08,1mg/ml,Oral solution,Yes,1704.79,From RDC,"Stavudine 1mg/ml, powder for oral solution, 200 ml",5.66,2326,3535.52,PMO - US,"Aurobindo Unit III, India",Stavudine,1.52,N/A - From RDC,SO-1112,Pre-PQ Process,Pre-PQ Process,ARV,104-CI-T01,01-Feb-08,Air,Pediatric,200,0.01,SCMS from RDC,N/A - From RDC,232
8258,ASN-1520,Kaletra,South Africa,04-Jan-08,04-Jan-08,133.3/33.3mg,Capsule,No,Freight Included in Commodity Cost,Direct Drop,"Lopinavir/Ritonavir 133.3/33.3mg [Kaletra], capsules, cool, 2 x 90 Caps",29.54,400,18460.0,PMO - US,ABBVIE (Abbott) Logis. UK,Lopinavir/Ritonavir,46.15,01-04-08,SCMS-16600,Pre-PQ Process,Pre-PQ Process,ARV,116-ZA-T01,21-Jan-08,MIssing,Adult,180,0.26,"JSI R&T INSTITUTE, INC.",DDP,Weight Captured Separately
2796,ASN-658,Clearview,Namibia,29-Aug-07,29-Aug-07,MIssing,Test kit,Yes,Invoiced Separately,Direct Drop,"HIV 1/2, Clearview Complete Kit, 25 Tests",18,150,11250.0,PMO - US,Not Applicable,"HIV 1/2, Clearview Complete Kit",75.0,7/31/07,SCMS-10360,Pre-PQ Process,Pre-PQ Process,HRDT,119-NA-T01,29-Aug-07,Air,HIV test,25,3.0,"Orgenics, Ltd",EXW,Weight Captured Separately
10690,DN-769,Generic,Zambia,17-Jun-08,17-Jun-08,150/30mg,Tablet - FDC,Yes,4887.18,From RDC,"Lamivudine/Stavudine 150/30mg, tablets, 30 Tabs",136.86,42768,85536.0,PMO - US,"Cipla, Goa, India",Lamivudine/Stavudine,2.0,N/A - From RDC,SO-2546,Pre-PQ Process,Pre-PQ Process,ARV,110-ZM-T01,17-Jun-08,Truck,Adult,30,0.07,SCMS from RDC,N/A - From RDC,2493
11511,DN-477,Bioline,Zimbabwe,11-Jan-08,11-Jan-08,MIssing,Test kit,Yes,4641.85,From RDC,"HIV 1/2, Bioline 3.0 Kit, Lancets, Capillary pipets, Alcohol swabs included, 25 Tests",112.26,3508,70160.0,PMO - US,"Standard Diagnostics, Korea","HIV 1/2, Bioline 3.0 Kit, Lancets, Capillary pipets, Alcohol swabs included",20.0,N/A - From RDC,SO-1439,Pre-PQ Process,Pre-PQ Process,HRDT,113-ZW-T01,11-Jan-08,Air,HIV test,25,0.8,SCMS from RDC,N/A - From RDC,1052
12246,DN-917,Generic,Nigeria,24-Sep-08,24-Sep-08,30mg,Capsule,No,See DN-917 (ID#:10745),From RDC,"Stavudine 30mg, capsules, 60 Caps",2.24,903,1399.65,PMO - US,"Aurobindo Unit III, India",Stavudine,1.55,N/A - From RDC,SO-2728,Pre-PQ Process,Pre-PQ Process,ARV,112-NG-T01,24-Sep-08,Air,Adult,60,0.03,SCMS from RDC,N/A - From RDC,See DN-917 (ID#:10745)
12011,DN-1434,Generic,Nigeria,20-Oct-09,20-Oct-09,150/300/200mg,Tablet - FDC,Yes,9341.49,From RDC,"Lamivudine/Nevirapine/Zidovudine 150/200/300mg, tablets, 60 Tabs",1182.44,52920,603288.0,PMO - US,"Aurobindo Unit III, India",Lamivudine/Nevirapine/Zidovudine,11.4,N/A - From RDC,SO-33331,Pre-PQ Process,Date Not Captured,ARV,151-NG-T01,20-Oct-09,Air Charter,Adult,60,0.19,SCMS from RDC,N/A - From RDC,5960
12172,DN-715,Generic,Uganda,02-Jun-08,02-Jun-08,600mg,Tablet,Yes,675,From RDC,"Efavirenz 600mg, tablets, 30 Tabs",16.53,860,10328.6,PMO - US,"Aurobindo Unit III, India",Efavirenz,12.01,N/A - From RDC,SO-2342,Pre-PQ Process,Pre-PQ Process,ARV,114-UG-T01,02-Jun-08,Air,Adult,30,0.4,SCMS from RDC,N/A - From RDC,76
12822,DN-1008,Norvir,Nigeria,17-Nov-08,17-Nov-08,100mg,Capsule,No,See DN-1008 (ID#:11570),From RDC,"Ritonavir 100mg [Norvir], capsules, cool, 4 x 84 Caps",0.15,2,76.72,PMO - US,ABBVIE (Abbott) France,Ritonavir,38.36,N/A - From RDC,SO-2729,Pre-PQ Process,Pre-PQ Process,ARV,112-NG-T01,17-Nov-08,Air,Adult,336,0.11,SCMS from RDC,N/A - From RDC,See DN-1008 (ID#:11570)
12795,DN-686,Determine,Haiti,03-Apr-08,03-Apr-08,MIssing,Test kit,No,See DN-686 (ID#:10691),From RDC,"HIV 1/2, Determine HIV Kit, without Lancets, 100 Tests",1.73,15,1080.0,PMO - US,Inverness Japan,"HIV 1/2, Determine HIV Kit, without Lancets",72.0,N/A - From RDC,SO-1291,Pre-PQ Process,Pre-PQ Process,HRDT,125-HT-T01,03-Apr-08,Air,HIV test,100,0.72,SCMS from RDC,N/A - From RDC,See DN-686 (ID#:10691)
10832,DN-148,Generic,Mozambique,13-Jun-07,13-Jun-07,300mg,Tablet,No,See DN-148 (ID#:10564),From RDC,"Abacavir 300mg, tablets, 60 Tabs",MIssing,570,20235.0,PMO - US,"Aurobindo Unit III, India",Abacavir,35.5,N/A - From RDC,SO-576,Pre-PQ Process,Pre-PQ Process,ARV,111-MZ-T01,13-Jun-07,Air,Adult,60,0.59,SCMS from RDC,N/A - From RDC,See DN-148 (ID#:10564)
10239,ASN-3698,Uni-Gold,Zambia,09-Apr-09,09-Apr-09,MIssing,Test kit,Yes,25513.66,Direct Drop,"HIV 1/2, Uni-Gold HIV Kit, 20 Tests",501.76,8000,256000.0,PMO - US,"Trinity Biotech, Plc","HIV 1/2, Uni-Gold HIV Kit",32.0,1/27/09,SCMS-37780,Pre-PQ Process,Pre-PQ Process,HRDT,110-ZM-T01,09-Apr-09,Air,HIV test,20,1.6,"Trinity Biotech, Plc",EXW,2657
8232,ASN-1273,Capillus,Haiti,11-Feb-08,11-Feb-08,MIssing,Test kit,Yes,1425.77,Direct Drop,"HIV 1/2, Capillus HIV Kit, 100 Tests",27.8,125,17375.0,PMO - US,"Trinity Biotech, Plc","HIV 1/2, Capillus HIV Kit",139.0,Date Not Captured,SCMS-15510,Pre-PQ Process,Pre-PQ Process,HRDT,106-HT-T01,11-Feb-08,Air,HIV test,100,1.39,"Trinity Biotech, Plc",EXW,92
11314,DN-1205,Generic,Haiti,19-May-09,19-May-09,200mg,Capsule,Yes,3133.23,From RDC,"Efavirenz 200mg, capsule, 90 Caps",12.56,420,6409.2,PMO - US,"Aurobindo Unit III, India",Efavirenz,15.26,N/A - From RDC,SO-24830,Pre-PQ Process,Pre-PQ Process,ARV,106-HT-T01,19-May-09,Air,Pediatric,90,0.17,SCMS from RDC,N/A - From RDC,199
11317,DN-1222,Generic,Uganda,24-Jun-09,24-Jun-09,600mg,Tablet,Yes,1954.23,From RDC,"Efavirenz 600mg, tablets, 30 Tabs",16.52,867,8427.24,PMO - US,Mylan (formerly Matrix) Nashik,Efavirenz,9.72,N/A - From RDC,SO-26140,Pre-PQ Process,Pre-PQ Process,ARV,114-UG-T01,24-Jun-09,Air,Adult,30,0.32,SCMS from RDC,N/A - From RDC,76
3739,ASN-3585,Epivir,South Africa,02-Jan-09,02-Jan-09,150mg,Tablet,Yes,Freight Included in Commodity Cost,Direct Drop,"Lamivudine 150mg [Epivir], tablets, 60 Tabs",111.33,10000,56800.0,PMO - US,GSK Cape Town Factory (South Africa),Lamivudine,5.68,Date Not Captured,SCMS-40890,Pre-PQ Process,Pre-PQ Process,ARV,116-ZA-T01,19-May-09,Air,Adult,60,0.09,S. BUYS WHOLESALER,DDP,Weight Captured Separately
5364,ASN-640,Videx,CÃte dIvoire,24-Aug-07,24-Aug-07,50mg,Chewable/dispersible tablet,Yes,Freight Included in Commodity Cost,Direct Drop,"Didanosine 50mg [Videx], chewable tablets, 60 Tabs",23.97,1577,14981.5,PMO - US,"BMS Meymac, France",Didanosine,9.5,05-09-07,SCMS-10070,Pre-PQ Process,Pre-PQ Process,ARV,104-CI-T01,24-Aug-07,Air,Pediatric,60,0.16,BRISTOL-MYERS SQUIBB,CIP,309
1285,ASN-136,Uni-Gold,Guyana,29-Dec-06,29-Dec-06,MIssing,Test kit,Yes,4989.87,Direct Drop,"HIV 1/2, Uni-Gold HIV Kit, 20 Tests",MIssing,900,36000.0,PMO - US,"Trinity Biotech, Plc","HIV 1/2, Uni-Gold HIV Kit",40.0,Date Not Captured,SCMS-177,Pre-PQ Process,Pre-PQ Process,HRDT,102-GY-T01,29-Dec-06,Air,HIV test,20,2.0,"Trinity Biotech, Plc",EXW,316
1593,ASN-1721,Uni-Gold,Botswana,03-Jul-08,03-Jul-08,MIssing,Test kit,Yes,2496.62,Direct Drop,"HIV 1/2, Uni-Gold HIV Kit, 20 Tests",23.04,450,14400.0,PMO - US,"Trinity Biotech, Plc","HIV 1/2, Uni-Gold HIV Kit",32.0,02-04-08,SCMS-16730,Pre-PQ Process,Pre-PQ Process,HRDT,102-BW-T01,03-Jul-08,Air,HIV test,20,1.6,"Trinity Biotech, Plc",EXW,154
11353,DN-1438,Generic,Nigeria,20-Oct-09,20-Oct-09,150/300/200mg,Tablet - FDC,Yes,9341.49,From RDC,"Lamivudine/Nevirapine/Zidovudine 150/200/300mg, tablets, 60 Tabs",1361.42,60930,694602.0,PMO - US,"Aurobindo Unit III, India",Lamivudine/Nevirapine/Zidovudine,11.4,N/A - From RDC,SO-33334,Pre-PQ Process,Date Not Captured,ARV,151-NG-T01,20-Oct-09,Air Charter,Adult,60,0.19,SCMS from RDC,N/A - From RDC,6862
5113,ASN-4553,Generic,Rwanda,12-Aug-09,12-Aug-09,600mg,Tablet,Yes,19023.36,Direct Drop,"Efavirenz 600mg, tablets, 30 Tabs",383.53,28034,195677.32,PMO - US,Hetero Unit III Hyderabad IN,Efavirenz,6.98,7/15/09,SCMS-43900,Pre-PQ Process,Pre-PQ Process,ARV,107-RW-T01,12-Aug-09,Air,Adult,30,0.23,HETERO LABS LIMITED,CIP,2268
9202,ASN-5370,Generic,South Africa,08-Oct-09,08-Oct-09,1mg/ml,Oral solution,Yes,Freight Included in Commodity Cost,Direct Drop,"Stavudine 1mg/ml, powder for oral solution, 200 ml",6.03,1200,2796.0,PMO - US,"Aurobindo Unit III, India",Stavudine,2.33,06-05-09,SCMS-47052,Pre-PQ Process,Pre-PQ Process,ARV,116-ZA-T01,12-Oct-09,Truck,Pediatric,200,0.01,S. BUYS WHOLESALER,DDP,Weight Captured Separately
12020,DN-1588,Generic,Ethiopia,08-Dec-09,08-Dec-09,200mg,Tablet,Yes,7573.92,From RDC,"Nevirapine 200mg, tablets, 60 Tabs",125.05,20000,58000.0,PMO - US,"Cipla, Goa, India",Nevirapine,2.9,N/A - From RDC,SO-35210,Pre-PQ Process,Date Not Captured,ARV,117-ET-T01,08-Dec-09,Air,Adult,60,0.05,SCMS from RDC,N/A - From RDC,2190
11075,DN-1498,Generic,Zambia,29-Oct-09,29-Oct-09,600mg,Tablet,Yes,4897.42,From RDC,"Efavirenz 600mg, tablets, 30 Tabs",424.15,34036,196728.08,PMO - US,"Aurobindo Unit III, India",Efavirenz,5.78,N/A - From RDC,SO-29031,Pre-PQ Process,Date Not Captured,ARV,110-ZM-T01,29-Oct-09,Truck,Adult,30,0.19,SCMS from RDC,N/A - From RDC,2901
10102,ASN-2909,Determine,Nigeria,02-Dec-08,02-Dec-08,MIssing,Test kit,Yes,15045.56,Direct Drop,"HIV 1/2, Determine Complete HIV Kit, 100 Tests",567.93,3622,289760.0,PMO - US,Inverness Japan,"HIV 1/2, Determine Complete HIV Kit",80.0,10/30/08,SCMS-32920,Pre-PQ Process,Pre-PQ Process,HRDT,133-NG-T01,02-Dec-08,Air,HIV test,100,0.8,"Orgenics, Ltd",EXW,1091
1222,ASN-4838,Generic,South Africa,05-Aug-09,05-Aug-09,150mg,Tablet,Yes,Freight Included in Commodity Cost,Direct Drop,"Lamivudine 150mg, tablets, 60 Tabs",80.95,5000,41300.0,PMO - US,"Aurobindo Unit III, India",Lamivudine,8.26,06-05-09,SCMS-47051,Pre-PQ Process,Pre-PQ Process,ARV,116-ZA-T01,12-Oct-09,Truck,Adult,60,0.14,S. BUYS WHOLESALER,DDP,Weight Captured Separately
12453,DN-519,Generic,Ethiopia,31-Jan-08,31-Jan-08,600mg,Tablet,Yes,20222.4,From RDC,"Efavirenz 600mg, tablets, 30 Tabs",1343.82,67624,839890.08,PMO - US,"Aurobindo Unit III, India",Efavirenz,12.42,N/A - From RDC,SO-1522,Pre-PQ Process,Pre-PQ Process,ARV,117-ET-T01,31-Jan-08,Air,Adult,30,0.41,SCMS from RDC,N/A - From RDC,5840
12213,DN-1031,Generic,CÃte dIvoire,05-Jan-09,05-Jan-09,150/300mg,Tablet - FDC,Yes,23382.04,From RDC,"Lamivudine/Zidovudine 150/300mg, tablets, 60 Tabs",498.91,27224,254544.4,PMO - US,"Aurobindo Unit III, India",Lamivudine/Zidovudine,9.35,N/A - From RDC,SO-19330,Pre-PQ Process,Pre-PQ Process,ARV,104-CI-T01,05-Jan-09,Air,Adult,60,0.16,SCMS from RDC,N/A - From RDC,2506
3040,ASN-1576,Determine,Zambia,05-May-08,05-May-08,MIssing,Test kit,Yes,4113.16,Direct Drop,"HIV 1/2, Determine HIV Kit, without Lancets, 100 Tests",230.37,2000,143980.0,PMO - US,Inverness Japan,"HIV 1/2, Determine HIV Kit, without Lancets",71.99,2/25/08,SCMS-18070,Pre-PQ Process,Pre-PQ Process,HRDT,110-ZM-T01,22-Apr-08,Air,HIV test,100,0.72,"Orgenics, Ltd",EXW,455
11919,DN-993,Generic,Zambia,01-Dec-08,01-Dec-08,200mg,Tablet,Yes,3629.37,From RDC,"Nevirapine 200mg, tablets, 60 Tabs",139.87,20989,71362.6,PMO - US,Hetero Unit III Hyderabad IN,Nevirapine,3.4,N/A - From RDC,SO-16670,Pre-PQ Process,Pre-PQ Process,ARV,110-ZM-T01,01-Dec-08,Truck,Adult,60,0.06,SCMS from RDC,N/A - From RDC,1162
12576,DN-1206,Generic,Nigeria,30-Apr-09,30-Apr-09,150/300/200mg,Tablet - FDC,Yes,17096.24,From RDC,"Lamivudine/Nevirapine/Zidovudine 150/200/300mg, tablets, 60 Tabs",297.93,13334,152007.6,PMO - US,Mylan (formerly Matrix) Nashik,Lamivudine/Nevirapine/Zidovudine,11.4,N/A - From RDC,SO-22525,Pre-PQ Process,Pre-PQ Process,ARV,151-NG-T01,30-Apr-09,Ocean,Adult,60,0.19,SCMS from RDC,N/A - From RDC,1626
11601,DN-949,Generic,CÃte dIvoire,01-Dec-08,01-Dec-08,150/30mg,Tablet - FDC,Yes,6381.87,From RDC,"Lamivudine/Stavudine 150/30mg, tablets, 60 Tabs",164.67,21542,84013.8,PMO - US,Mylan (formerly Matrix) Nashik,Lamivudine/Stavudine,3.9,N/A - From RDC,SO-11831,Pre-PQ Process,Pre-PQ Process,ARV,104-CI-T01,01-Dec-08,Air,Adult,60,0.06,SCMS from RDC,N/A - From RDC,1583
531,ASN-2783,Zerit,South Africa,20-Aug-08,20-Aug-08,20mg,Capsule,Yes,Freight Included in Commodity Cost,Direct Drop,"Stavudine 20mg [Zerit], capsules, 60 Caps",0.2,20,103.4,PMO - US,"BMS Meymac, France",Stavudine,5.17,Date Not Captured,SCMS-23500,Pre-PQ Process,Pre-PQ Process,ARV,116-ZA-T01,20-Aug-08,Truck,Adult,60,0.09,S. BUYS WHOLESALER,DDP,Weight Captured Separately
9656,ASN-1665,Norvir,South Africa,24-Apr-08,24-Apr-08,100mg,Capsule,No,Freight Included in Commodity Cost,Direct Drop,"Ritonavir 100mg [Norvir], capsules, cool, 84 Caps",0.15,10,91.9,PMO - US,ABBVIE (Abbott) Logis. UK,Ritonavir,9.19,2/20/08,SCMS-19800,Pre-PQ Process,Pre-PQ Process,ARV,116-ZA-T01,24-Apr-08,Truck,Adult,84,0.11,S. BUYS WHOLESALER,DDP,Weight Captured Separately
11074,DN-1488,Generic,Lebanon,24-Nov-09,24-Nov-09,150/300mg,Tablet - FDC,Yes,Invoiced Separately,From RDC,"Lamivudine/Zidovudine 150/300mg, tablets, 60 Tabs",0,42,0.42,PMO - US,"Aurobindo Unit III, India",Lamivudine/Zidovudine,0.01,N/A - From RDC,SO-33910,Pre-PQ Process,Date Not Captured,ARV,100-LB-T01,24-Nov-09,Air,Adult,60,0.0,SCMS from RDC,N/A - From RDC,Weight Captured Separately
3752,ASN-3732,Retrovir,South Africa,21-Jan-09,21-Jan-09,10mg/ml,Injection,No,Freight Included in Commodity Cost,Direct Drop,"Zidovudine 10mg/ml [Retrovir], solution for IV infusion injection, Vial 5 x 20 ml",0.25,10,125.1,PMO - US,GSK Ware (UK),Zidovudine,12.51,Date Not Captured,SCMS-41190,Pre-PQ Process,Pre-PQ Process,ARV,116-ZA-T01,30-Mar-09,Air,Pediatric,5,2.5,S. BUYS WHOLESALER,DDP,Weight Captured Separately
12251,DN-1156,Generic,Nigeria,08-May-09,08-May-09,150/300/200mg,Tablet - FDC,Yes,15128.37,From RDC,"Lamivudine/Nevirapine/Zidovudine 150/200/300mg, tablets, 60 Tabs",594.71,26616,303422.4,PMO - US,"Aurobindo Unit III, India",Lamivudine/Nevirapine/Zidovudine,11.4,N/A - From RDC,SO-21809,Pre-PQ Process,Pre-PQ Process,ARV,151-NG-T01,08-May-09,Air Charter,Adult,60,0.19,SCMS from RDC,N/A - From RDC,2993
11326,DN-1250,Generic,Zambia,15-Jun-09,15-Jun-09,300mg,Tablet,No,See DN-1250 (ID#:10774),From RDC,"Abacavir 300mg, tablets, 60 Tabs",229.16,4594,116917.3,PMO - US,Mylan (formerly Matrix) Nashik,Abacavir,25.45,N/A - From RDC,SO-30300,Pre-PQ Process,Pre-PQ Process,ARV,110-ZM-T01,15-Jun-09,Truck,Adult,60,0.42,SCMS from RDC,N/A - From RDC,See DN-1250 (ID#:10774)
12869,DN-972,Generic,Zimbabwe,31-Oct-08,31-Oct-08,150/30mg,Tablet - FDC,Yes,2947.59,From RDC,"Lamivudine/Stavudine 150/30mg, tablets, 30 Tabs",31.36,8000,16000.0,PMO - US,"Cipla, Goa, India",Lamivudine/Stavudine,2.0,N/A - From RDC,SO-13980,Pre-PQ Process,Pre-PQ Process,ARV,113-ZW-T01,31-Oct-08,Truck,Adult,30,0.07,SCMS from RDC,N/A - From RDC,483
11060,DN-1313,Generic,CÃte dIvoire,19-Aug-09,19-Aug-09,150/30mg,Tablet - FDC,Yes,11032.42,From RDC,"Lamivudine/Stavudine 150/30mg, tablets, 60 Tabs",78.06,10480,39824.0,PMO - US,"Cipla, Goa, India",Lamivudine/Stavudine,3.8,N/A - From RDC,SO-27530,Pre-PQ Process,Date Not Captured,ARV,104-CI-T01,19-Aug-09,Air,Adult,60,0.06,SCMS from RDC,N/A - From RDC,786
10992,DN-863,Generic,Zambia,27-Aug-08,27-Aug-08,150/30mg,Tablet - FDC,Yes,3210.18,From RDC,"Lamivudine/Stavudine 150/30mg, tablets, 60 Tabs",199.79,32017,124866.3,PMO - US,Mylan (formerly Matrix) Nashik,Lamivudine/Stavudine,3.9,N/A - From RDC,SO-12090,Pre-PQ Process,Pre-PQ Process,ARV,110-ZM-T01,27-Aug-08,Air,Adult,60,0.06,SCMS from RDC,N/A - From RDC,2353
12503,DN-704,Generic,Haiti,21-Apr-08,21-Apr-08,300mg,Tablet,Yes,2599,From RDC,"Zidovudine 300mg, tablets, 60 Tabs",40.62,3115,25387.25,PMO - US,"Aurobindo Unit III, India",Zidovudine,8.15,N/A - From RDC,SO-2069,Pre-PQ Process,Pre-PQ Process,ARV,106-HT-T01,21-Apr-08,Air,Adult,60,0.14,SCMS from RDC,N/A - From RDC,178
1084,ASN-4196,Aluvia,South Africa,14-Apr-09,14-Apr-09,200/50mg,Tablet,Yes,Freight Included in Commodity Cost,Direct Drop,"Lopinavir/Ritonavir 200/50mg [Aluvia], tablets, 120 Tabs",263.4,3735,134385.3,PMO - US,ABBVIE Ludwigshafen Germany,Lopinavir/Ritonavir,35.98,3/27/09,SCMS-41581,Pre-PQ Process,Pre-PQ Process,ARV,116-ZA-T01,25-Jun-09,Air,Adult,120,0.3,S. BUYS WHOLESALER,DDP,Weight Captured Separately
11624,DN-1132,Truvada,Nigeria,24-Mar-09,24-Mar-09,300/200mg,Tablet - FDC,Yes,6443.61,From RDC,"Emtricitabine/Tenofovir Disoproxil Fumarate 200/300mg [Truvada], tablets, 30 Tabs",44.92,873,22916.25,PMO - US,"Aspen-OSD, Port Elizabeth, SA",Emtricitabine/Tenofovir Disoproxil Fumarate,26.25,N/A - From RDC,SO-21784,Pre-PQ Process,Pre-PQ Process,ARV,151-NG-T01,24-Mar-09,Air,Adult,30,0.88,SCMS from RDC,N/A - From RDC,76
11130,DN-146,Generic,CÃte dIvoire,16-May-07,16-May-07,300mg,Tablet,No,See DN-146 (ID#:10834),From RDC,"Abacavir 300mg, tablets, 60 Tabs",MIssing,1200,42960.0,PMO - US,"Aurobindo Unit III, India",Abacavir,35.8,N/A - From RDC,SO-560,Pre-PQ Process,Pre-PQ Process,ARV,104-CI-T01,16-May-07,MIssing,Adult,60,0.6,SCMS from RDC,N/A - From RDC,See DN-146 (ID#:10834)
7849,ASN-4378,Videx EC,Uganda,06-Jul-09,06-Jul-09,250mg,Delayed-release capsules - blister,Yes,390.81,Direct Drop,"Didanosine EC 250mg [Videx EC], delayed-release capsules, Blister 3 x 10 Caps",3.02,84,1540.56,PMO - US,"BMS Meymac, France",Didanosine EC,18.34,05-11-09,SCMS-45660,Pre-PQ Process,Pre-PQ Process,ARV,114-UG-T01,06-Jul-09,Air,Adult,30,0.61,BRISTOL-MYERS SQUIBB,CIP,4
13487,ASN-30067,Generic,Haiti,13-Mar-15,18-Mar-15,600/300/300mg,Tablet - FDC,Yes,7658.27,Direct Drop,"Efavirenz/Lamivudine/Tenofovir Disoproxil Fumarate 600/300/300mg, tablets, 30 Tabs",263.17,25000,256000.0,PMO - US,Mylan (formerly Matrix) Nashik,Efavirenz/Lamivudine/Tenofovir Disoproxil Fumarate,10.24,11/14/14,SCMS-261510,FPQ-14895,9/24/14,ARV,106-HT-T30,13-Mar-15,Ocean,Adult,30,0.34,MYLAN LABORATORIES LTD (FORMERLY MATRIX LABORATORIES),EXW,3034
6041,ASN-2799,Determine,CÃte dIvoire,05-Dec-08,05-Dec-08,MIssing,Test kit,Yes,5243.53,Direct Drop,"HIV 1/2, Determine HIV Kit, without Lancets, 100 Tests",161.07,1174,82180.0,PMO - US,Inverness Japan,"HIV 1/2, Determine HIV Kit, without Lancets",70.0,9/18/08,SCMS-30430,Pre-PQ Process,Pre-PQ Process,HRDT,104-CI-T01,05-Dec-08,Air,HIV test,100,0.7,"Orgenics, Ltd",EXW,268
12354,DN-209,Generic,Nigeria,03-Jul-07,03-Jul-07,200mg,Tablet,No,See DN-209 (ID#:11136),From RDC,"Nevirapine 200mg, tablets, 60 Tabs",3.07,538,1920.66,PMO - US,"Aurobindo Unit III, India",Nevirapine,3.57,N/A - From RDC,SO-563,Pre-PQ Process,Pre-PQ Process,ARV,112-NG-T01,03-Jul-07,MIssing,Adult,60,0.06,SCMS from RDC,N/A - From RDC,See DN-209 (ID#:11136)
5119,ASN-3985,Genie,CÃte dIvoire,09-Jun-09,09-Jun-09,MIssing,Test kit,Yes,9471.52,Direct Drop,"#108853** HIV, Genie II HIV-1/HIV-2 Kit, 40 Tests",102.63,476,52360.0,PMO - US,Bio-Rad Laboratories,"HIV, Genie II HIV-1/HIV-2 Kit",110.0,4/15/09,SCMS-44050,Pre-PQ Process,Pre-PQ Process,HRDT,104-CI-T01,10-Jun-09,Air,HIV test,40,2.75,BIO-RAD LABORATORIES (FRANCE),EXW,534
9034,ASN-4668,Generic,South Africa,03-Apr-09,03-Apr-09,300mg,Tablet,Yes,Freight Included in Commodity Cost,Direct Drop,"Zidovudine 300mg, tablets, 60 Tabs",92.1,4023,46988.64,PMO - US,"Aurobindo Unit III, India",Zidovudine,11.68,3/13/09,SCMS-41100,Pre-PQ Process,Pre-PQ Process,ARV,116-ZA-T01,17-Jun-09,Air,Adult,60,0.19,S. BUYS WHOLESALER,DDP,Weight Captured Separately
5243,ASN-26,Reveal,CÃte dIvoire,08-Aug-06,08-Aug-06,MIssing,Test kit,Yes,859.53,Direct Drop,"HIV, Reveal G3 Rapid HIV-1 Antibody Test, 30 Tests",MIssing,19,551.0,PMO - US,Ranbaxy Fine Chemicals LTD,"HIV, Reveal G3 Rapid HIV-1 Antibody Test",29.0,Date Not Captured,SCMS-40,Pre-PQ Process,Pre-PQ Process,HRDT,104-CI-T01,08-Aug-06,Air,HIV test,30,0.97,RANBAXY Fine Chemicals LTD.,EXW,13
11478,DN-413,Uni-Gold,Mozambique,12-Nov-07,12-Nov-07,MIssing,Test kit,Yes,1566.19,From RDC,"HIV 1/2, Uni-Gold HIV Kit, 20 Tests",230.4,4500,144000.0,PMO - US,"Trinity Biotech, Plc","HIV 1/2, Uni-Gold HIV Kit",32.0,N/A - From RDC,SO-945,Pre-PQ Process,Pre-PQ Process,HRDT,111-MZ-T01,12-Nov-07,Air,HIV test,20,1.6,SCMS from RDC,N/A - From RDC,1482
10240,ASN-3479,Determine,Tanzania,23-Feb-09,23-Feb-09,MIssing,Test kit,Yes,Freight Included in Commodity Cost,Direct Drop,"HIV 1/2, Determine Complete HIV Kit, 100 Tests",24.79,110,12650.0,PMO - US,Inverness Japan,"HIV 1/2, Determine Complete HIV Kit",115.0,1/26/09,SCMS-37800,Pre-PQ Process,Pre-PQ Process,HRDT,109-TZ-T01,23-Feb-09,Truck,HIV test,100,1.15,KAS MEDICS LIMITED,DDP,Weight Captured Separately
2684,ASN-93,Generic,Nigeria,07-Dec-06,07-Dec-06,40mg,Capsule,No,See ASN-93 (ID#:1281),Direct Drop,"Stavudine 40mg, capsules, 60 Caps",MIssing,166,356.9,PMO - US,"Aurobindo Unit III, India",Stavudine,2.15,Date Not Captured,SCMS-156,Pre-PQ Process,Pre-PQ Process,ARV,112-NG-T01,07-Dec-06,Air,Adult,60,0.04,Aurobindo Pharma Limited,EXW,See ASN-93 (ID#:1281)
5799,ASN-2300,Ziagen,South Africa,14-May-08,14-May-08,300mg,Tablet - blister,No,Freight Included in Commodity Cost,Direct Drop,"Abacavir 300mg [Ziagen], tablets, Blister 6 x 10 Tabs",0.64,8,397.92,PMO - US,GSK Ware (UK),Abacavir,49.74,Date Not Captured,SCMS-23500,Pre-PQ Process,Pre-PQ Process,ARV,116-ZA-T01,20-Aug-08,Truck,Adult,60,0.83,S. BUYS WHOLESALER,DDP,Weight Captured Separately
10993,DN-952,Generic,Zambia,20-Oct-08,20-Oct-08,10mg/ml,Oral solution,Yes,8185.2,From RDC,"Zidovudine 10mg/ml, oral solution, Bottle, 240 ml",13.17,3200,6720.0,PMO - US,"Aurobindo Unit III, India",Zidovudine,2.1,N/A - From RDC,SO-15280,Pre-PQ Process,Pre-PQ Process,ARV,110-ZM-T01,20-Oct-08,Air,Pediatric,240,0.01,SCMS from RDC,N/A - From RDC,1120
12912,DN-1425,Generic,Uganda,07-Oct-09,07-Oct-09,600mg,Tablet,Yes,4031.3,From RDC,"Efavirenz 600mg, tablets, 30 Tabs",395.07,29426,201568.1,PMO - US,"Aurobindo Unit III, India",Efavirenz,6.85,N/A - From RDC,SO-32940,Pre-PQ Process,Date Not Captured,ARV,114-UG-T01,07-Oct-09,Air,Adult,30,0.23,SCMS from RDC,N/A - From RDC,2529
7751,ASN-4603,Generic,South Africa,05-Jun-09,05-Jun-09,30mg,Capsule,No,Freight Included in Commodity Cost,Direct Drop,"Stavudine 30mg, capsules, 60 Caps",26.77,4553,13659.0,PMO - US,"Aurobindo Unit III, India",Stavudine,3.0,3/27/09,SCMS-41580,Pre-PQ Process,Pre-PQ Process,ARV,116-ZA-T01,25-Jun-09,Truck,Adult,60,0.05,S. BUYS WHOLESALER,DDP,Weight Captured Separately
10997,DN-856,Generic,Zambia,20-Aug-08,20-Aug-08,600mg,Tablet,Yes,3817.12,From RDC,"Efavirenz 600mg, tablets, 30 Tabs",960.8,50000,600500.0,PMO - US,Mylan (formerly Matrix) Nashik,Efavirenz,12.01,N/A - From RDC,SO-1896,Pre-PQ Process,Pre-PQ Process,ARV,110-ZM-T01,20-Aug-08,MIssing,Adult,30,0.4,SCMS from RDC,N/A - From RDC,3880
12320,DN-1432,Generic,Zambia,02-Oct-09,02-Oct-09,150/200/30mg,Tablet - FDC,Yes,13518.56,From RDC,"Lamivudine/Nevirapine/Stavudine 150/200/30mg, tablets, 60 Tabs",858.52,61520,438022.4,PMO - US,"Cipla, Goa, India",Lamivudine/Nevirapine/Stavudine,7.12,N/A - From RDC,SO-32850,Pre-PQ Process,Date Not Captured,ARV,110-ZM-T01,02-Oct-09,Truck,Adult,60,0.12,SCMS from RDC,N/A - From RDC,23888
9603,ASN-1532,Zerit,South Africa,21-Jan-08,21-Jan-08,30mg,Capsule,No,Freight Included in Commodity Cost,Direct Drop,"Stavudine 30mg [Zerit], capsules, 60 Caps",5.48,600,3426.0,PMO - US,"BMS Meymac, France",Stavudine,5.71,1/21/08,SCMS-17630,Pre-PQ Process,Pre-PQ Process,ARV,116-ZA-T01,05-Feb-08,Truck,Adult,60,0.1,"JSI R&T INSTITUTE, INC.",DDP,Weight Captured Separately
1134,ASN-4343,Determine,Kenya,10-Jul-09,10-Jul-09,MIssing,Test kit,Yes,16835.31,Direct Drop,"HIV 1/2, Determine Complete HIV Kit, 100 Tests",1176,7500,600000.0,PMO - US,Inverness Japan,"HIV 1/2, Determine Complete HIV Kit",80.0,04-04-09,SCMS-42980,Pre-PQ Process,Pre-PQ Process,HRDT,102-KE-T01,10-Jul-09,Air,HIV test,100,0.8,"Orgenics, Ltd",EXW,2215
11594,DN-969,Generic,Uganda,04-Nov-08,04-Nov-08,150/300/200mg,Tablet - FDC,No,See DN-969 (ID#:11593),From RDC,"Lamivudine/Nevirapine/Zidovudine 150/200/300mg, tablets, 60 Tabs",136.89,5919,69844.2,PMO - US,"Aurobindo Unit III, India",Lamivudine/Nevirapine/Zidovudine,11.8,N/A - From RDC,SO-17440,Pre-PQ Process,Pre-PQ Process,ARV,114-UG-T01,04-Nov-08,Air,Adult,60,0.2,SCMS from RDC,N/A - From RDC,See DN-969 (ID#:11593)
11188,DN-388,Generic,Zambia,09-Nov-07,09-Nov-07,200mg,Tablet,Yes,19590.04,From RDC,"Nevirapine 200mg, tablets, 60 Tabs",301.96,52864,188724.48,PMO - US,"Aurobindo Unit III, India",Nevirapine,3.57,N/A - From RDC,SO-572,Pre-PQ Process,Pre-PQ Process,ARV,110-ZM-T01,09-Nov-07,MIssing,Adult,60,0.06,SCMS from RDC,N/A - From RDC,5989
12825,DN-889,Generic,Nigeria,16-Sep-08,16-Sep-08,150/30mg,Tablet - FDC,Yes,1102.98,From RDC,"Lamivudine/Stavudine 150/30mg, tablets, 60 Tabs",4.89,784,3057.6,PMO - US,Mylan (formerly Matrix) Nashik,Lamivudine/Stavudine,3.9,N/A - From RDC,SO-10550,Pre-PQ Process,Pre-PQ Process,ARV,130-NG-T01,16-Sep-08,Air,Adult,60,0.06,SCMS from RDC,N/A - From RDC,58
9531,ASN-1199,Determine,Haiti,23-Jan-08,23-Jan-08,MIssing,Test kit,Yes,4829.61,Direct Drop,"HIV 1/2, Determine HIV Kit, without Lancets, 100 Tests",112,1000,70000.0,PMO - US,Inverness Japan,"HIV 1/2, Determine HIV Kit, without Lancets",70.0,Date Not Captured,SCMS-15520,Pre-PQ Process,Pre-PQ Process,HRDT,106-HT-T01,23-Jan-08,Air,HIV test,100,0.7,"Orgenics, Ltd",EXW,228
11815,DN-439,LAV,CÃte dIvoire,16-Nov-07,16-Nov-07,MIssing,Test kit,Yes,1278,From RDC,"HIV 2, New LAV Blot 2 HIV Kit, 18 Tests",5.92,12,3698.04,PMO - US,Bio-Rad Laboratories,"HIV 2, New LAV Blot 2 HIV Kit",308.17,N/A - From RDC,SO-1277,Pre-PQ Process,Pre-PQ Process,HRDT,104-CI-T01,16-Nov-07,Air,HIV test,18,17.12,SCMS from RDC,N/A - From RDC,39
993,ASN-3710,First Response,Rwanda,28-Apr-09,28-Apr-09,MIssing,Test kit,Yes,12595.81,Direct Drop,"HIV 1/2/O, First Response HIV 1-2.0, v.3.0 Cards Kit, 30 Tests",363.78,8249,185602.5,PMO - US,Premier Med. Corp Ltd. India,"HIV 1/2/O, First Response HIV 1-2.0, v.3.0 Cards Kit",22.5,2/18/09,SCMS-38660,Pre-PQ Process,Pre-PQ Process,HRDT,107-RW-T01,28-Apr-09,Air,HIV test,30,0.75,Premier Medical Corporation Ltd.,EXW,2800
1530,ASN-1230,Generic,Vietnam,01-Feb-08,01-Feb-08,20mg,Capsule,Yes,2429.85,Direct Drop,"Stavudine 20mg, capsules, 60 Caps",3.36,1200,2100.0,PMO - US,"Aurobindo Unit III, India",Stavudine,1.75,12-05-07,SCMS-14760,Pre-PQ Process,Pre-PQ Process,ARV,108-VN-T01,01-Feb-08,Air,Adult,60,0.03,Aurobindo Pharma Limited,EXW,125
12341,DN-44,Generic,Mozambique,17-Apr-07,17-Apr-07,600mg,Tablet,No,See DN-44 (ID#:10549),From RDC,"Efavirenz 600mg, tablets, 30 Tabs",MIssing,23035,385836.25,PMO - US,"Aurobindo Unit III, India",Efavirenz,16.75,N/A - From RDC,SO-293,Pre-PQ Process,Pre-PQ Process,ARV,111-MZ-T01,17-Apr-07,Air,Adult,30,0.56,SCMS from RDC,N/A - From RDC,See DN-44 (ID#:10549)
11249,DN-659,Generic,Ethiopia,12-Mar-08,12-Mar-08,150mg,Tablet,Yes,2963.8,From RDC,"Lamivudine 150mg, tablets, 60 Tabs",68.31,14044,42693.76,PMO - US,"Ranbaxy, Paonta Shahib, India",Lamivudine,3.04,N/A - From RDC,SO-1964,Pre-PQ Process,Pre-PQ Process,ARV,117-ET-T01,12-Mar-08,Air,Adult,60,0.05,SCMS from RDC,N/A - From RDC,732
6398,ASN-3611,Generic,South Africa,28-Jan-09,28-Jan-09,30mg,Capsule,No,Freight Included in Commodity Cost,Direct Drop,"Stavudine 30mg, capsules, 60 Caps",99.44,20213,50734.63,PMO - US,"Aurobindo Unit III, India",Stavudine,2.51,Date Not Captured,SCMS-40850,Pre-PQ Process,Pre-PQ Process,ARV,116-ZA-T01,16-Jun-09,Air,Adult,60,0.04,S. BUYS WHOLESALER,DDP,Weight Captured Separately
12181,DN-840,Generic,Nigeria,03-Aug-08,03-Aug-08,300mg,Tablet,No,See DN-840 (ID#:12179),From RDC,"Abacavir 300mg, tablets, 60 Tabs",0.17,4,105.2,PMO - US,Mylan (formerly Matrix) Nashik,Abacavir,26.3,N/A - From RDC,SO-10030,Pre-PQ Process,Pre-PQ Process,ARV,112-NG-T01,03-Aug-08,Air,Adult,60,0.44,SCMS from RDC,N/A - From RDC,See DN-840 (ID#:12179)
1803,ASN-2300,Retrovir,South Africa,14-May-08,14-May-08,300mg,Tablet,Yes,Freight Included in Commodity Cost,Direct Drop,"Zidovudine 300mg [Retrovir], tablets, 60 Tabs",26.61,1000,16630.0,PMO - US,GSK Aranda,Zidovudine,16.63,Date Not Captured,SCMS-23500,Pre-PQ Process,Pre-PQ Process,ARV,116-ZA-T01,20-Aug-08,Truck,Adult,60,0.28,S. BUYS WHOLESALER,DDP,Weight Captured Separately
1802,ASN-2296,Epivir,South Africa,21-May-08,21-May-08,150mg,Tablet,Yes,Freight Included in Commodity Cost,Direct Drop,"Lamivudine 150mg [Epivir], tablets, 60 Tabs",17.7,2000,11060.0,PMO - US,GSK Cape Town Factory (South Africa),Lamivudine,5.53,Date Not Captured,SCMS-23500,Pre-PQ Process,Pre-PQ Process,ARV,116-ZA-T01,20-Aug-08,Truck,Adult,60,0.09,S. BUYS WHOLESALER,DDP,Weight Captured Separately
11640,DN-1235,Generic,Ghana,12-Aug-09,12-Aug-09,20mg,Capsule,No,See DN-1235 (ID#:10769),From RDC,"Stavudine 20mg, capsules, 60 Caps",0.01,477,4.77,PMO - US,"Aurobindo Unit III, India",Stavudine,0.01,N/A - From RDC,SO-30700,Pre-PQ Process,Date Not Captured,ARV,100-GH-T01,12-Aug-09,Truck,Adult,60,0.0,SCMS from RDC,N/A - From RDC,See DN-1235 (ID#:10769)
10924,DN-488,Generic,Zimbabwe,14-Jan-08,14-Jan-08,600mg,Tablet,No,See DN-488 (ID#:10652),From RDC,"Efavirenz 600mg, tablets, 30 Tabs",12.46,627,7787.34,PMO - US,"Cipla, Goa, India",Efavirenz,12.42,N/A - From RDC,SO-710,Pre-PQ Process,Pre-PQ Process,ARV,100-ZW-T01,14-Jan-08,Air,Adult,30,0.41,SCMS from RDC,N/A - From RDC,See DN-488 (ID#:10652)
10842,DN-261,Uni-Gold,Rwanda,22-Aug-07,22-Aug-07,MIssing,Test kit,Yes,1126.84,From RDC,"HIV 1/2, Uni-Gold HIV Kit, 20 Tests",7.94,155,4960.0,PMO - US,"Trinity Biotech, Plc","HIV 1/2, Uni-Gold HIV Kit",32.0,N/A - From RDC,SO-826,Pre-PQ Process,Pre-PQ Process,HRDT,107-RW-T01,22-Aug-07,Air,HIV test,20,1.6,SCMS from RDC,N/A - From RDC,55
10834,DN-146,Generic,CÃte dIvoire,16-May-07,16-May-07,300mg,Tablet,Yes,1516,From RDC,"Abacavir 300mg, tablets, 60 Tabs",MIssing,268,9594.4,PMO - US,"Aurobindo Unit III, India",Abacavir,35.8,N/A - From RDC,SO-560,Pre-PQ Process,Pre-PQ Process,ARV,104-CI-T01,16-May-07,MIssing,Adult,60,0.6,SCMS from RDC,N/A - From RDC,151
3294,ASN-2391,Videx EC,Uganda,09-Sep-08,09-Sep-08,400mg,Delayed-release capsules - blister,Yes,330,Direct Drop,"Didanosine EC 400mg [Videx EC], delayed-release capsules, Blister 3 x 10 Caps",1.89,50,1183.5,PMO - US,"BMS Meymac, France",Didanosine EC,23.67,7/18/08,SCMS-27190,Pre-PQ Process,Pre-PQ Process,ARV,114-UG-T01,09-Sep-08,Air,Adult,30,0.79,BRISTOL-MYERS SQUIBB,CIP,2
12783,DN-761,Generic,CÃte dIvoire,02-Jun-08,02-Jun-08,10mg/ml,Oral suspension,No,See DN-761 (ID#:10951),From RDC,"Nevirapine 10mg/ml, oral suspension, Bottle, 240 ml",17.01,5536,10629.12,PMO - US,"Aurobindo Unit III, India",Nevirapine,1.92,N/A - From RDC,SO-2045,Pre-PQ Process,Pre-PQ Process,ARV,104-CI-T01,02-Jun-08,Air,Pediatric,240,0.01,SCMS from RDC,N/A - From RDC,See DN-761 (ID#:10951)
11996,DN-1340,Generic,Nigeria,04-Aug-09,04-Aug-09,150/300/200mg,Tablet - FDC,Yes,7445.8,From RDC,"Lamivudine/Nevirapine/Zidovudine 150/200/300mg, tablets, 60 Tabs",96.39,4314,49179.6,PMO - US,"Aurobindo Unit III, India",Lamivudine/Nevirapine/Zidovudine,11.4,N/A - From RDC,SO-32646,Pre-PQ Process,Date Not Captured,ARV,151-NG-T01,04-Aug-09,Air Charter,Adult,60,0.19,SCMS from RDC,N/A - From RDC,486
5048,ASN-3759,Norvir,South Africa,21-Nov-08,21-Nov-08,80mg/ml,Oral solution,Yes,Freight Included in Commodity Cost,Direct Drop,"Ritonavir 80mg/ml [Norvir], oral solution, cool, Bottle, 90 ml",0.01,1,5.97,PMO - US,ABBVIE (Abbott) France,Ritonavir,5.97,Date Not Captured,SCMS-41150,Pre-PQ Process,Pre-PQ Process,ARV,116-ZA-T01,01-Apr-09,Air,Pediatric,90,0.07,S. BUYS WHOLESALER,DDP,Weight Captured Separately
2661,ASN-57,Generic,Nigeria,28-Sep-06,28-Sep-06,10mg/ml,Oral solution,No,See ASN-57 (ID#:23),Direct Drop,"Lamivudine 10mg/ml, oral solution, Bottle, 240 ml",MIssing,416,1809.6,PMO - US,"Aurobindo Unit III, India",Lamivudine,4.35,Date Not Captured,SCMS-87,Pre-PQ Process,Pre-PQ Process,ARV,112-NG-T01,28-Sep-06,Air,Pediatric,240,0.02,Aurobindo Pharma Limited,EXW,See ASN-57 (ID#:23)
12535,DN-862,Truvada,Nigeria,31-Jul-08,31-Jul-08,300/200mg,Tablet - FDC,Yes,10665.71,From RDC,"Emtricitabine/Tenofovir Disoproxil Fumarate 200/300mg [Truvada], tablets, 30 Tabs",840,20000,525000.0,PMO - US,"Aspen-OSD, Port Elizabeth, SA",Emtricitabine/Tenofovir Disoproxil Fumarate,26.25,N/A - From RDC,SO-11231,Pre-PQ Process,Pre-PQ Process,ARV,123-NG-T01,31-Jul-08,Air,Adult,30,0.88,SCMS from RDC,N/A - From RDC,1741
138,ASN-710,Bioline,Tanzania,16-Oct-07,16-Oct-07,MIssing,Test kit,Yes,27869.74,Direct Drop,"HIV 1/2, Bioline 3.0 Kit, Lancets, Capillary pipets, Alcohol swabs included, 25 Tests",320,10000,200000.0,PMO - US,"Standard Diagnostics, Korea","HIV 1/2, Bioline 3.0 Kit, Lancets, Capillary pipets, Alcohol swabs included",20.0,Date Not Captured,SCMS-10270,Pre-PQ Process,Pre-PQ Process,HRDT,109-TZ-T01,16-Oct-07,Air,HIV test,25,0.8,"Standard Diagnostics, Inc.",EXW,3335
10990,DN-1014,Truvada,Nigeria,17-Nov-08,17-Nov-08,300/200mg,Tablet - FDC,Yes,4401.4,From RDC,"Emtricitabine/Tenofovir Disoproxil Fumarate 200/300mg [Truvada], tablets, 30 Tabs",514.5,10000,262500.0,PMO - US,"Aspen-OSD, Port Elizabeth, SA",Emtricitabine/Tenofovir Disoproxil Fumarate,26.25,N/A - From RDC,SO-15050,Pre-PQ Process,Pre-PQ Process,ARV,131-NG-T01,17-Nov-08,Air,Adult,30,0.88,SCMS from RDC,N/A - From RDC,878
3292,ASN-2572,Stat-Pak,Nigeria,21-Oct-08,21-Oct-08,MIssing,Test kit,Yes,29954.15,Direct Drop,"HIV 1/2, Stat-Pak HIV, Kit, 20 Tests",532.01,12315,332505.0,PMO - US,Chembio Diagnostics Sys. Inc.,"HIV 1/2, Stat-Pak HIV, Kit",27.0,7/18/08,SCMS-27050,Pre-PQ Process,Pre-PQ Process,HRDT,133-NG-T01,07-Nov-08,Air,HIV test,20,1.35,"CHEMBIO DIAGNOSTIC SYSTEMS, INC.",EXW,3508
12304,DN-1367,Generic,Nigeria,04-Aug-09,04-Aug-09,200/300mg,Tablet - FDC,No,See DN-1367 (ID#:11346),From RDC,"Emtricitabine/Tenofovir Disoproxil Fumarate 200/300mg, tablets, 30 Tabs",133.44,5794,68079.5,PMO - US,Mylan (formerly Matrix) Nashik,Emtricitabine/Tenofovir Disoproxil Fumarate,11.75,N/A - From RDC,SO-27817,Pre-PQ Process,Date Not Captured,ARV,151-NG-T01,04-Aug-09,Air Charter,Adult,30,0.39,SCMS from RDC,N/A - From RDC,See DN-1367 (ID#:11346)
11528,DN-822,Generic,Zambia,29-Jul-08,29-Jul-08,600mg,Tablet,Yes,5468.93,From RDC,"Efavirenz 600mg, tablets, 30 Tabs",960.8,50000,600500.0,PMO - US,Mylan (formerly Matrix) Nashik,Efavirenz,12.01,N/A - From RDC,SO-1807,Pre-PQ Process,Pre-PQ Process,ARV,110-ZM-T01,29-Jul-08,Truck,Adult,30,0.4,SCMS from RDC,N/A - From RDC,3882
12122,DN-423,Norvir,CÃte dIvoire,13-Nov-07,13-Nov-07,100mg,Capsule,No,See DN-423 (ID#:11194),From RDC,"Ritonavir 100mg [Norvir], capsules, cool, 4 x 84 Caps",73.65,1200,46032.0,PMO - US,ABBVIE (Abbott) France,Ritonavir,38.36,N/A - From RDC,SO-1245,Pre-PQ Process,Pre-PQ Process,ARV,104-CI-T01,13-Nov-07,Air,Adult,336,0.11,SCMS from RDC,N/A - From RDC,See DN-423 (ID#:11194)
11201,DN-440,Generic,CÃte dIvoire,29-Nov-07,29-Nov-07,30mg,Capsule,No,See DN-440 (ID#:11200),From RDC,"Stavudine 30mg, capsules, 60 Caps",11.19,3996,6993.0,PMO - US,"Aurobindo Unit III, India",Stavudine,1.75,N/A - From RDC,SO-1145,Pre-PQ Process,Pre-PQ Process,ARV,104-CI-T01,29-Nov-07,Air,Adult,60,0.03,SCMS from RDC,N/A - From RDC,See DN-440 (ID#:11200)
12821,DN-860,Generic,Haiti,11-Aug-08,11-Aug-08,50mg,Capsule,No,See DN-860 (ID#:12820),From RDC,"Efavirenz 50mg, capsule, 30 Caps",5.38,1500,3360.0,PMO - US,"Aurobindo Unit III, India",Efavirenz,2.24,N/A - From RDC,SO-12140,Pre-PQ Process,Pre-PQ Process,ARV,106-HT-T01,11-Aug-08,Air,Pediatric,30,0.07,SCMS from RDC,N/A - From RDC,See DN-860 (ID#:12820)
10845,DN-236,Stat-Pak,Nigeria,05-Jul-07,05-Jul-07,MIssing,Test kit,Yes,1352,From RDC,"HIV 1/2, Stat-Pak HIV, Kit, 20 Tests",21.6,500,13500.0,PMO - US,Chembio Diagnostics Sys. Inc.,"HIV 1/2, Stat-Pak HIV, Kit",27.0,N/A - From RDC,SO-667,Pre-PQ Process,Pre-PQ Process,HRDT,102-NG-T01,05-Jul-07,MIssing,HIV test,20,1.35,SCMS from RDC,N/A - From RDC,115
3770,ASN-4339,Zerit,South Africa,09-Apr-09,09-Apr-09,15mg,Capsule,No,Freight Included in Commodity Cost,Direct Drop,"Stavudine 15mg [Zerit], capsules, 60 Caps",13.94,1800,7110.0,PMO - US,"BMS Meymac, France",Stavudine,3.95,3/27/09,SCMS-41583,Pre-PQ Process,Pre-PQ Process,ARV,116-ZA-T01,25-Jun-09,Air,Adult,60,0.07,S. BUYS WHOLESALER,DDP,Weight Captured Separately
3152,ASN-1956,Determine,Botswana,31-Jul-08,31-Jul-08,MIssing,Test kit,Yes,641.04,Direct Drop,"HIV 1/2, Determine HIV Kit, without Lancets, 100 Tests",11.52,100,7199.0,PMO - US,Inverness Japan,"HIV 1/2, Determine HIV Kit, without Lancets",71.99,4/28/08,SCMS-22730,Pre-PQ Process,Pre-PQ Process,HRDT,102-BW-T01,31-Jul-08,Air,HIV test,100,0.72,"Orgenics, Ltd",EXW,25
9252,ASN-43,Determine,Zambia,30-Sep-06,30-Sep-06,MIssing,Test kit,Yes,2829.61,Direct Drop,"HIV 1/2, Determine Complete HIV Kit, 100 Tests",MIssing,1250,100000.0,PMO - US,ABBVIE GmbH & Co.KG Wiesbaden,"HIV 1/2, Determine Complete HIV Kit",80.0,Date Not Captured,SCMS-61,Pre-PQ Process,Pre-PQ Process,HRDT,110-ZM-T01,30-Sep-06,Air,HIV test,100,0.8,Abbott GmbH & Co. KG,EXW,428
7732,ASN-3752,Videx,South Africa,21-Nov-08,21-Nov-08,100mg,Chewable/dispersible tablet,No,Freight Included in Commodity Cost,Direct Drop,"Didanosine 100mg [Videx],chewable tablets, 60 Tabs",0.2,10,100.6,PMO - US,"BMS Meymac, France",Didanosine,10.06,Date Not Captured,SCMS-41140,Pre-PQ Process,Pre-PQ Process,ARV,116-ZA-T01,31-Mar-09,Air,Pediatric,60,0.17,S. BUYS WHOLESALER,DDP,Weight Captured Separately
11680,DN-1418,Generic,Uganda,11-Sep-09,11-Sep-09,150/300mg,Tablet - FDC,Yes,6575.7,From RDC,"Lamivudine/Zidovudine 150/300mg, tablets, 60 Tabs",223.2,13000,113880.0,PMO - US,Mylan (formerly Matrix) Nashik,Lamivudine/Zidovudine,8.76,N/A - From RDC,SO-32150,Pre-PQ Process,Date Not Captured,ARV,114-UG-T01,11-Sep-09,Air,Adult,60,0.15,SCMS from RDC,N/A - From RDC,1051
11009,DN-1150,Kaletra,Mozambique,27-Apr-09,27-Apr-09,80/20mg/ml,Oral solution,Yes,1287.77,From RDC,"Lopinavir/Ritonavir 80/20mg/ml [Kaletra], oral solution, cool, Bottle 5 x 60 ml",3.22,40,1644.0,PMO - US,ABBVIE (Abbott) Logis. UK,Lopinavir/Ritonavir,41.1,N/A - From RDC,SO-26390,Pre-PQ Process,Pre-PQ Process,ARV,111-MZ-T01,27-Apr-09,Air,Pediatric,300,0.14,SCMS from RDC,N/A - From RDC,52
11358,DN-1473,Kaletra,Ghana,12-Aug-09,12-Aug-09,80/20mg/ml,Oral solution,Yes,Invoiced Separately,From RDC,"Lopinavir/Ritonavir 80/20mg/ml [Kaletra], oral solution, cool, Bottle 5 x 60 ml",0,129,1.29,PMO - US,ABBVIE (Abbott) Logis. UK,Lopinavir/Ritonavir,0.01,N/A - From RDC,SO-33650,Pre-PQ Process,Date Not Captured,ARV,100-GH-T01,30-Sep-09,Truck,Pediatric,300,0.0,SCMS from RDC,N/A - From RDC,Weight Captured Separately
1618,ASN-1368,Uni-Gold,Mozambique,27-Mar-08,27-Mar-08,MIssing,Test kit,Yes,55746.59,Direct Drop,"HIV 1/2, Uni-Gold HIV Kit, 20 Tests",460.8,9000,288000.0,PMO - US,"Trinity Biotech, Plc","HIV 1/2, Uni-Gold HIV Kit",32.0,2/19/08,SCMS-17800,Pre-PQ Process,Pre-PQ Process,HRDT,111-MZ-T01,27-Mar-08,Air,HIV test,20,1.6,"Trinity Biotech, Plc",EXW,9000
11865,DN-750,Generic,Nigeria,27-May-08,27-May-08,150/300/200mg,Tablet - FDC,Yes,11815.12,From RDC,"Lamivudine/Nevirapine/Zidovudine 150/200/300mg, tablets, 60 Tabs",352.93,16610,220580.8,PMO - US,"Aurobindo Unit III, India",Lamivudine/Nevirapine/Zidovudine,13.28,N/A - From RDC,SO-2664,Pre-PQ Process,Pre-PQ Process,ARV,131-NG-T01,27-May-08,Air,Adult,60,0.22,SCMS from RDC,N/A - From RDC,1832
13016,ASN-14830,Stat-Pak,Burundi,01-Jun-12,01-Jun-12,MIssing,Test kit,Yes,836.8,Direct Drop,"HIV 1/2, Stat-Pak Dipstick Assay Kit, 30 Tests",10.9,305,7777.5,PMO - US,Chembio Diagnostics Sys. Inc.,"HIV 1/2, Stat-Pak Dipstick Assay Kit",25.5,04-09-12,SCMS-141760,FPQ-9231,2/17/12,HRDT,102-BI-T30,01-Jun-12,Air,HIV test,30,0.85,"CHEMBIO DIAGNOSTIC SYSTEMS, INC.",EXW,34
1956,ASN-2766,Generic,Vietnam,25-Nov-08,25-Nov-08,600mg,Tablet,Yes,3247.73,Direct Drop,"Efavirenz 600mg, tablets, 30 Tabs",167.77,8400,85596.0,PMO - US,Mylan (formerly Matrix) Nashik,Efavirenz,10.19,7/24/08,SCMS-27350,Pre-PQ Process,Pre-PQ Process,ARV,108-VN-T01,25-Nov-08,Air,Adult,30,0.34,MYLAN LABORATORIES LTD (FORMERLY MATRIX LABORATORIES),EXW,613
10545,DN-27,Generic,Nigeria,22-Feb-07,22-Feb-07,150mg,Tablet,No,See DN-27 (ID#:10544),From RDC,"Lamivudine 150mg, tablets, 60 Tabs",MIssing,2170,6727.0,PMO - US,"Aurobindo Unit III, India",Lamivudine,3.1,N/A - From RDC,SO-339,Pre-PQ Process,Pre-PQ Process,ARV,112-NG-T01,22-Feb-07,MIssing,Adult,60,0.05,SCMS from RDC,N/A - From RDC,See DN-27 (ID#:10544)
10779,DN-1296,Generic,Nigeria,16-Jun-09,16-Jun-09,600mg,Tablet,Yes,7329.83,From RDC,"Efavirenz 600mg, tablets, 30 Tabs",571.54,30000,291600.0,PMO - US,"Aurobindo Unit III, India",Efavirenz,9.72,N/A - From RDC,SO-24481,Pre-PQ Process,Pre-PQ Process,ARV,123-NG-T01,16-Jun-09,Air Charter,Adult,30,0.32,SCMS from RDC,N/A - From RDC,3364
12611,DN-1432,Generic,Zambia,02-Oct-09,02-Oct-09,150/300mg,Tablet - FDC,No,See DN-1432 (ID#:12320),From RDC,"Lamivudine/Zidovudine 150/300mg, tablets, 60 Tabs",1915.06,111538,977072.88,PMO - US,"Aurobindo Unit III, India",Lamivudine/Zidovudine,8.76,N/A - From RDC,SO-32850,Pre-PQ Process,Date Not Captured,ARV,110-ZM-T01,02-Oct-09,Truck,Adult,60,0.15,SCMS from RDC,N/A - From RDC,See DN-1432 (ID#:12320)
9080,ASN-4224,Videx EC,South Africa,15-May-09,15-May-09,400mg,Delayed-release capsules - blister,Yes,Freight Included in Commodity Cost,Direct Drop,"Didanosine EC 400mg [Videx EC], delayed-release capsules, Blister 3 x 10 Caps",2.94,80,1502.4,PMO - US,"BMS Meymac, France",Didanosine EC,18.78,04-02-09,SCMS-47320,Pre-PQ Process,Pre-PQ Process,ARV,116-ZA-T01,15-May-09,Truck,Adult,30,0.63,S. BUYS WHOLESALER,DDP,Weight Captured Separately
8893,ASN-3522,Generic,Vietnam,27-Mar-09,27-Mar-09,150/200/30mg,Tablet - FDC,Yes,4443.97,Direct Drop,"Lamivudine/Nevirapine/Stavudine 150/200/30mg, tablets, 60 Tabs",331.07,24480,168912.0,PMO - US,"Cipla, Goa, India",Lamivudine/Nevirapine/Stavudine,6.9,1/16/09,SCMS-37190,Pre-PQ Process,Pre-PQ Process,ARV,108-VN-T01,27-Mar-09,Air,Adult,60,0.12,CIPLA LIMITED,EXW,2165
9658,ASN-1665,Stocrin/Sustiva,South Africa,24-Apr-08,24-Apr-08,50mg,Capsule,No,Freight Included in Commodity Cost,Direct Drop,"Efavirenz 50mg [Stocrin/Sustiva], capsule, 30 Caps",0.95,200,596.0,PMO - US,"MSD Midrand, Jburg, SA",Efavirenz,2.98,2/20/08,SCMS-19800,Pre-PQ Process,Pre-PQ Process,ARV,116-ZA-T01,24-Apr-08,Truck,Pediatric,30,0.1,S. BUYS WHOLESALER,DDP,Weight Captured Separately
3738,ASN-3609,Viramune,South Africa,04-Dec-08,04-Dec-08,200mg,Tablet,Yes,Freight Included in Commodity Cost,Direct Drop,"Nevirapine 200mg [Viramune], tablets, 60 Tabs",319.57,10560,163046.4,PMO - US,"Boehringer Ing., Koropi, GR",Nevirapine,15.44,Date Not Captured,SCMS-40820,Pre-PQ Process,Pre-PQ Process,ARV,116-ZA-T01,14-Apr-09,Air,Adult,60,0.26,S. BUYS WHOLESALER,DDP,Weight Captured Separately
1527,ASN-1167,Stat-Pak,Nigeria,21-Jan-08,21-Jan-08,MIssing,Test kit,Yes,28002.75,Direct Drop,"HIV 1/2, Stat-Pak HIV, Kit, 20 Tests",432,10000,270000.0,PMO - US,Chembio Diagnostics Sys. Inc.,"HIV 1/2, Stat-Pak HIV, Kit",27.0,11/30/07,SCMS-14640,Pre-PQ Process,Pre-PQ Process,HRDT,102-NG-T01,21-Jan-08,Air,HIV test,20,1.35,"CHEMBIO DIAGNOSTIC SYSTEMS, INC.",EXW,3336
11581,DN-1022,Generic,Haiti,10-Dec-08,10-Dec-08,10mg/ml,Oral solution,Yes,6338.09,From RDC,"Lamivudine 10mg/ml, oral solution, Bottle, 240 ml",5.94,1595,3030.5,PMO - US,"Aurobindo Unit III, India",Lamivudine,1.9,N/A - From RDC,SO-15970,Pre-PQ Process,Pre-PQ Process,ARV,106-HT-T01,10-Dec-08,Air,Pediatric,240,0.01,SCMS from RDC,N/A - From RDC,598
12564,DN-1170,Generic,CÃte dIvoire,19-Jun-09,19-Jun-09,200mg,Tablet,Yes,5432.93,From RDC,"Nevirapine 200mg, tablets, 60 Tabs",30.92,5259,15777.0,PMO - US,Hetero Unit III Hyderabad IN,Nevirapine,3.0,N/A - From RDC,SO-21871,Pre-PQ Process,Pre-PQ Process,ARV,104-CI-T01,19-Jun-09,Air,Adult,60,0.05,SCMS from RDC,N/A - From RDC,294
11076,DN-1532,Generic,Mozambique,11-Dec-09,11-Dec-09,150/30mg,Tablet - FDC,Yes,1317.4,From RDC,"Lamivudine/Stavudine 150/30mg, tablets, 60 Tabs",21.11,2510,9789.0,PMO - US,"Cipla, Goa, India",Lamivudine/Stavudine,3.9,N/A - From RDC,SO-32571,Pre-PQ Process,Date Not Captured,ARV,111-MZ-T01,11-Dec-09,Air,Adult,60,0.06,SCMS from RDC,N/A - From RDC,190
9086,ASN-4439,Determine,Zambia,23-Jul-09,23-Jul-09,MIssing,Test kit,Yes,11559.65,Direct Drop,"HIV 1/2, Determine Complete HIV Kit, 100 Tests",635.04,4500,324000.0,PMO - US,Inverness Japan,"HIV 1/2, Determine Complete HIV Kit",72.0,04-02-09,SCMS-42640,Pre-PQ Process,Pre-PQ Process,HRDT,110-ZM-T01,23-Jul-09,Air,HIV test,100,0.72,"Orgenics, Ltd",EXW,1330
5066,ASN-3780,OraQuick,Botswana,17-Apr-09,17-Apr-09,MIssing,Test kit,Yes,1119.99,Direct Drop,"HIV 1/2, OraQuick Advance HIV Rapid Antibody Kit, 100 Tests",13.72,20,7000.0,PMO - US,"Pacific Biotech, Thailand","HIV 1/2, OraQuick Advance HIV Rapid Antibody Kit",350.0,3/25/09,SCMS-41890,Pre-PQ Process,Pre-PQ Process,HRDT,144-BW-T01,17-Apr-09,Air,HIV test,100,3.5,Orasure Technologies Inc.,EXW,48
3081,ASN-1665,Generic,South Africa,24-Apr-08,24-Apr-08,600mg,Tablet,No,Freight Included in Commodity Cost,Direct Drop,"Efavirenz 600mg, tablets, 30 Tabs",60,2500,37500.0,PMO - US,"Cipla, Goa, India",Efavirenz,15.0,2/20/08,SCMS-19800,Pre-PQ Process,Pre-PQ Process,ARV,116-ZA-T01,24-Apr-08,Truck,Adult,30,0.5,S. BUYS WHOLESALER,DDP,Weight Captured Separately
11854,DN-592,Kaletra,Zambia,28-Dec-07,28-Dec-07,80/20mg/ml,Oral solution,Yes,Invoiced Separately,From RDC,"Lopinavir/Ritonavir 80/20mg/ml [Kaletra], oral solution, cool, Bottle 5 x 60 ml",49.06,746,30660.6,PMO - US,ABBVIE (Abbott) Logis. UK,Lopinavir/Ritonavir,41.1,N/A - From RDC,SO-1723,Pre-PQ Process,Pre-PQ Process,ARV,110-ZM-T01,28-Dec-07,Truck,Pediatric,300,0.14,SCMS from RDC,N/A - From RDC,Weight Captured Separately
10933,DN-570,Generic,Rwanda,28-Jan-08,28-Jan-08,150mg,Tablet,Yes,2559.28,From RDC,"Lamivudine 150mg, tablets, 60 Tabs",15.32,3150,9576.0,PMO - US,"Ranbaxy, Paonta Shahib, India",Lamivudine,3.04,N/A - From RDC,SO-1515,Pre-PQ Process,Pre-PQ Process,ARV,107-RW-T01,28-Jan-08,Air,Adult,60,0.05,SCMS from RDC,N/A - From RDC,165
4854,ASN-3190,Determine,Guyana,23-Jan-09,23-Jan-09,MIssing,Test kit,Yes,1097.78,Direct Drop,"HIV 1/2, Determine Complete HIV Kit, 100 Tests",49.53,351,25272.0,PMO - US,Inverness Japan,"HIV 1/2, Determine Complete HIV Kit",72.0,12-12-08,SCMS-35550,Pre-PQ Process,Pre-PQ Process,HRDT,102-GY-T01,30-Jan-09,Air,HIV test,100,0.72,"Orgenics, Ltd",EXW,60
11298,DN-1125,Truvada,Uganda,08-Apr-09,08-Apr-09,300/200mg,Tablet - FDC,Yes,1755,From RDC,"Emtricitabine/Tenofovir Disoproxil Fumarate 200/300mg [Truvada], tablets, 30 Tabs",155.07,3014,79117.5,PMO - US,"Aspen-OSD, Port Elizabeth, SA",Emtricitabine/Tenofovir Disoproxil Fumarate,26.25,N/A - From RDC,SO-17754,Pre-PQ Process,Pre-PQ Process,ARV,114-UG-T01,08-Apr-09,Air,Adult,30,0.88,SCMS from RDC,N/A - From RDC,291
2146,ASN-3155,Colloidal Gold,Ethiopia,20-Jan-09,20-Jan-09,MIssing,Test kit,Yes,19882.25,Direct Drop,"HIV 1/2, SKB Colloidal Gold, Diagnostic Kit, Antibody, 50 Tests",156.43,3470,79810.0,PMO - US,"KHB Test Kit Facility, Shanghai China","HIV 1/2, Colloidal Gold, Diagnostic Kit, Antibody",23.0,10/27/08,SCMS-32630,Pre-PQ Process,Pre-PQ Process,HRDT,117-ET-T01,26-Jan-09,Air,HIV test,1,23.0,"SHANGHAI KEHUA BIOENGINEERING CO.,LTD.  (KHB)",EXW,2509
10759,DN-1189,Bioline,Kenya,27-Apr-09,27-Apr-09,MIssing,Test kit,Yes,Invoiced Separately,From RDC,"HIV 1/2, Bioline 3.0 Kit, (no accessories), 30 Tests",232.26,5000,118500.0,PMO - US,"Standard Diagnostics, Korea","HIV 1/2, Bioline 3.0 Kit (no accessories)",23.7,N/A - From RDC,SO-18001,Pre-PQ Process,Pre-PQ Process,HRDT,102-KE-T01,27-Apr-09,Truck,HIV test,30,0.79,SCMS from RDC,N/A - From RDC,Weight Captured Separately
10969,DN-718,Generic,Nigeria,21-Apr-08,21-Apr-08,1mg/ml,Oral solution,No,See DN-718 (ID#:10968),From RDC,"Stavudine 1mg/ml, powder for oral solution, 200 ml",0.04,16,22.4,PMO - US,"Aurobindo Unit III, India",Stavudine,1.4,N/A - From RDC,SO-2350,Pre-PQ Process,Pre-PQ Process,ARV,112-NG-T01,21-Apr-08,Air,Pediatric,200,0.01,SCMS from RDC,N/A - From RDC,See DN-718 (ID#:10968)
9321,ASN-727,Zerit,CÃte dIvoire,02-Oct-07,02-Oct-07,20mg,Capsule,No,Freight Included in Commodity Cost,Direct Drop,"Stavudine 20mg [Zerit], capsules, 60 Caps",12.53,1389,7833.96,PMO - US,"BMS Meymac, France",Stavudine,5.64,7/13/07,SCMS-698,Pre-PQ Process,Pre-PQ Process,ARV,104-CI-T01,02-Oct-07,Air,Adult,60,0.09,BRISTOL-MYERS SQUIBB,CIP,Weight Captured Separately
11352,DN-1411,Generic,Zimbabwe,22-Sep-09,22-Sep-09,600mg,Tablet,Yes,14958.2,From RDC,"Efavirenz 600mg, tablets, 30 Tabs",83.26,4000,42480.0,PMO - US,"Aurobindo Unit III, India",Efavirenz,10.62,N/A - From RDC,SO-21020,Pre-PQ Process,Date Not Captured,ARV,113-ZW-T01,22-Sep-09,Truck,Adult,30,0.35,SCMS from RDC,N/A - From RDC,9020
11402,DN-150,Capillus,Rwanda,22-May-07,22-May-07,MIssing,Test kit,No,See DN-150 (ID#:11401),From RDC,"HIV 1/2, Capillus HIV Kit, 100 Tests",MIssing,60,8340.0,PMO - US,"Trinity Biotech, Plc","HIV 1/2, Capillus HIV Kit",139.0,N/A - From RDC,SO-240,Pre-PQ Process,Pre-PQ Process,HRDT,107-RW-T01,22-May-07,Air,HIV test,100,1.39,SCMS from RDC,N/A - From RDC,See DN-150 (ID#:11401)
12781,DN-748,Generic,Tanzania,30-Jun-08,30-Jun-08,150mg,Tablet,No,See DN-748 (ID#:12484),From RDC,"Lamivudine 150mg, tablets, 60 Tabs",41,8805,25622.55,PMO - US,"Ranbaxy, Paonta Shahib, India",Lamivudine,2.91,N/A - From RDC,SO-2556,Pre-PQ Process,Pre-PQ Process,ARV,109-TZ-T01,30-Jun-08,Truck,Adult,60,0.05,SCMS from RDC,N/A - From RDC,See DN-748 (ID#:12484)
12546,DN-1097,Generic,CÃte dIvoire,18-Mar-09,18-Mar-09,10mg/ml,Oral solution,Yes,7293.9,From RDC,"Zidovudine 10mg/ml, oral solution, Bottle, 240 ml",6.76,1643,3450.3,PMO - US,"Aurobindo Unit III, India",Zidovudine,2.1,N/A - From RDC,SO-21842,Pre-PQ Process,Pre-PQ Process,ARV,104-CI-T01,18-Mar-09,Air,Pediatric,240,0.01,SCMS from RDC,N/A - From RDC,483
10665,DN-539,Generic,CÃte dIvoire,28-Dec-07,28-Dec-07,10mg/ml,Oral suspension,Yes,1301,From RDC,"Nevirapine 10mg/ml, oral suspension, Bottle, 240 ml",1.46,475,912.0,PMO - US,"Aurobindo Unit III, India",Nevirapine,1.92,N/A - From RDC,SO-1144,Pre-PQ Process,Pre-PQ Process,ARV,104-CI-T01,28-Dec-07,Air,Pediatric,240,0.01,SCMS from RDC,N/A - From RDC,170
10630,DN-418,Truvada,Zambia,13-Nov-07,13-Nov-07,300/200mg,Tablet - FDC,Yes,1532.41,From RDC,"Emtricitabine/Tenofovir Disoproxil Fumarate 200/300mg [Truvada], tablets, 30 Tabs",141.12,3360,88200.0,PMO - US,Gilead(Nycomed) Oranienburg DE,Emtricitabine/Tenofovir Disoproxil Fumarate,26.25,N/A - From RDC,SO-1121,Pre-PQ Process,Pre-PQ Process,ARV,110-ZM-T01,13-Nov-07,Air,Adult,30,0.88,SCMS from RDC,N/A - From RDC,281
11955,DN-1134,Generic,Nigeria,19-Mar-09,19-Mar-09,150/300/200mg,Tablet - FDC,Yes,11492.86,From RDC,"Lamivudine/Nevirapine/Zidovudine 150/200/300mg, tablets, 60 Tabs",1428.68,63940,728916.0,PMO - US,"Aurobindo Unit III, India",Lamivudine/Nevirapine/Zidovudine,11.4,N/A - From RDC,SO-21800,Pre-PQ Process,Pre-PQ Process,ARV,151-NG-T01,19-Mar-09,Air Charter,Adult,60,0.19,SCMS from RDC,N/A - From RDC,7189
1223,ASN-4836,Epivir,South Africa,28-Jul-09,28-Jul-09,10mg/ml,Oral solution,Yes,Freight Included in Commodity Cost,Direct Drop,"Lamivudine 10mg/ml [Epivir], oral solution, Bottle, 240 ml",5.56,460,2838.2,PMO - US,GSK Mississauga (Canada),Lamivudine,6.17,06-05-09,SCMS-47051,Pre-PQ Process,Pre-PQ Process,ARV,116-ZA-T01,12-Oct-09,Truck,Pediatric,240,0.03,S. BUYS WHOLESALER,DDP,Weight Captured Separately
12163,DN-595,Bioline,Kenya,01-Feb-08,01-Feb-08,MIssing,Test kit,Yes,261.86,From RDC,"HIV 1/2, Bioline 3.0 Kit, Lancets, Capillary pipets, Alcohol swabs included, 25 Tests",58.94,1842,36840.0,PMO - US,"Standard Diagnostics, Korea","HIV 1/2, Bioline 3.0 Kit, Lancets, Capillary pipets, Alcohol swabs included",20.0,N/A - From RDC,SO-1389,Pre-PQ Process,Pre-PQ Process,HRDT,102-KE-T01,27-Feb-08,Truck,HIV test,25,0.8,SCMS from RDC,N/A - From RDC,662
914,ASN-3242,Generic,CÃte dIvoire,02-Mar-09,02-Mar-09,600mg/2ml,Injection,Yes,25405.22,Direct Drop,"Quinine 600mg/2ml (as dihydrochloride), injection, 2ml x 100 Ampules",5.35,140,2731.4,PMO - US,Gland Pharma Ltd Pally Factory,Quinine (as dihydrochloride),19.51,12/19/08,SCMS-35790,Pre-PQ Process,Pre-PQ Process,ANTM,104-CI-T01,02-Mar-09,Air,Malaria,100,0.2,IDA FOUNDATION,EXW,5209
12792,DN-770,Generic,Zimbabwe,09-Jun-08,09-Jun-08,600mg,Tablet,No,See DN-770 (ID#:10959),From RDC,"Efavirenz 600mg, tablets, 30 Tabs",36.96,1860,23101.2,PMO - US,"Aurobindo Unit III, India",Efavirenz,12.42,N/A - From RDC,SO-716,Pre-PQ Process,Pre-PQ Process,ARV,100-ZW-T01,09-Jun-08,Air,Adult,30,0.41,SCMS from RDC,N/A - From RDC,See DN-770 (ID#:10959)
12435,DN-435,Generic,Uganda,10-Dec-07,10-Dec-07,300mg,Tablet,No,See DN-435 (ID#:10908),From RDC,"Zidovudine 300mg, tablets, 60 Tabs",1.83,140,1141.0,PMO - US,"Aurobindo Unit III, India",Zidovudine,8.15,N/A - From RDC,SO-1300,Pre-PQ Process,Pre-PQ Process,ARV,114-UG-T01,10-Dec-07,Air,Adult,60,0.14,SCMS from RDC,N/A - From RDC,See DN-435 (ID#:10908)
12538,DN-850,Generic,Mozambique,05-Sep-08,05-Sep-08,150/300/200mg,Tablet - FDC,No,See DN-850 (ID#:10733),From RDC,"Lamivudine/Nevirapine/Zidovudine 150/200/300mg, tablets, 60 Tabs",366.98,16990,229365.0,PMO - US,"Aurobindo Unit III, India",Lamivudine/Nevirapine/Zidovudine,13.5,N/A - From RDC,SO-2424,Pre-PQ Process,Pre-PQ Process,ARV,111-MZ-T01,05-Sep-08,Air,Adult,60,0.22,SCMS from RDC,N/A - From RDC,See DN-850 (ID#:10733)
6600,ASN-51,Generic,Vietnam,01-Sep-06,01-Sep-06,150mg,Tablet,Yes,10657.19,Direct Drop,"Lamivudine 150mg, tablets, 60 Tabs",MIssing,2080,8299.2,PMO - US,"Ranbaxy, Paonta Shahib, India",Lamivudine,3.99,Date Not Captured,SCMS-78,Pre-PQ Process,Pre-PQ Process,ARV,108-VN-T01,01-Sep-06,Air,Adult,60,0.07,SUN PHARMACEUTICAL INDUSTRIES LTD (RANBAXY LABORATORIES LIMITED),EXW,87
2399,ASN-3628,Generic,Haiti,02-Apr-09,02-Apr-09,100mg,Capsule,Yes,1903.54,Direct Drop,"Zidovudine 100mg, capsules, 100 Caps",20.58,2100,10500.0,PMO - US,"Aurobindo Unit III, India",Zidovudine,5.0,03-06-09,SCMS-39970,Pre-PQ Process,Pre-PQ Process,ARV,106-HT-T01,02-Apr-09,Air,Pediatric,100,0.05,Aurobindo Pharma Limited,EXW,187
10831,DN-170,Determine,CÃte dIvoire,08-Jun-07,08-Jun-07,MIssing,Test kit,Yes,1363,From RDC,"HIV 1/2, Determine Complete HIV Kit, 100 Tests",MIssing,50,4000.0,PMO - US,ABBVIE GmbH & Co.KG Wiesbaden,"HIV 1/2, Determine Complete HIV Kit",80.0,N/A - From RDC,SO-635,Pre-PQ Process,Pre-PQ Process,HRDT,104-CI-T01,08-Jun-07,MIssing,HIV test,100,0.8,SCMS from RDC,N/A - From RDC,15
11887,DN-797,Generic,Uganda,11-Jul-08,11-Jul-08,300mg,Tablet,No,See DN-797 (ID#:10966),From RDC,"Zidovudine 300mg, tablets, 60 Tabs",0.59,46,368.0,PMO - US,"Aurobindo Unit III, India",Zidovudine,8.0,N/A - From RDC,SO-2674,Pre-PQ Process,Pre-PQ Process,ARV,114-UG-T01,11-Jul-08,Air,Adult,60,0.13,SCMS from RDC,N/A - From RDC,See DN-797 (ID#:10966)
1114,ASN-4244,Truvada,South Africa,17-Apr-09,17-Apr-09,300/200mg,Tablet - FDC,Yes,Freight Included in Commodity Cost,Direct Drop,"Emtricitabine/Tenofovir Disoproxil Fumarate 200/300mg [Truvada], tablets, 30 Tabs",5.52,80,2816.0,PMO - US,"Aspen-OSD, Port Elizabeth, SA",Emtricitabine/Tenofovir Disoproxil Fumarate,35.2,04-02-09,SCMS-47430,Pre-PQ Process,Pre-PQ Process,ARV,116-ZA-T01,15-May-09,Truck,Adult,30,1.17,S. BUYS WHOLESALER,DDP,Weight Captured Separately
10355,ASN-3758,Truvada,South Africa,11-Feb-09,11-Feb-09,300/200mg,Tablet - FDC,Yes,Freight Included in Commodity Cost,Direct Drop,"Emtricitabine/Tenofovir Disoproxil Fumarate 200/300mg [Truvada], tablets, 30 Tabs",4.98,80,2542.4,PMO - US,"Aspen-OSD, Port Elizabeth, SA",Emtricitabine/Tenofovir Disoproxil Fumarate,31.78,Date Not Captured,SCMS-41230,Pre-PQ Process,Pre-PQ Process,ARV,116-ZA-T01,01-Apr-09,Air,Adult,30,1.06,S. BUYS WHOLESALER,DDP,Weight Captured Separately
161,ASN-916,Generic,Ethiopia,20-Nov-07,20-Nov-07,30mg,Capsule,Yes,12237.61,Direct Drop,"Stavudine 30mg, capsules, 60 Caps",158.72,64000,99200.0,PMO - US,"Aurobindo Unit III, India",Stavudine,1.55,10-03-07,SCMS-11070,Pre-PQ Process,Pre-PQ Process,ARV,117-ET-T01,20-Nov-07,Air,Adult,60,0.03,Aurobindo Pharma Limited,EXW,4228
8062,ASN-1932,Bioline,Tanzania,22-Jul-08,22-Jul-08,MIssing,Test kit,Yes,22691.75,Direct Drop,"HIV 1/2, Bioline 3.0 Kit, Lancets, Capillary pipets, Alcohol swabs included, 25 Tests",320,10000,200000.0,PMO - US,"Standard Diagnostics, Korea","HIV 1/2, Bioline 3.0 Kit, Lancets, Capillary pipets, Alcohol swabs included",20.0,5/14/08,SCMS-10330,Pre-PQ Process,Pre-PQ Process,HRDT,109-TZ-T01,22-Jul-08,Air,HIV test,25,0.8,"Standard Diagnostics, Inc.",EXW,3122
5646,ASN-1553,Generic,Nigeria,07-Apr-08,07-Apr-08,MIssing,Test kit - Ancillary,Yes,Invoiced Separately,Direct Drop,"HIV, Lancet, Safety, for HIV Test kits, 100 Pcs",0,285,2.85,PMO - US,Inverness Japan,"HIV, Lancet, Safety, for HIV Test kits, 100 Pcs",0.01,03-11-08,SCMS-18740,Pre-PQ Process,Pre-PQ Process,HRDT,123-NG-T01,08-May-08,Air,HIV test - Ancillary,100,0.0,"Orgenics, Ltd",EXW,Weight Captured Separately
10847,DN-240,Generic,CÃte dIvoire,16-Jul-07,16-Jul-07,300mg,Tablet,Yes,1850,From RDC,"Abacavir 300mg, tablets, 60 Tabs",60.2,1051,37625.8,PMO - US,"Aurobindo Unit III, India",Abacavir,35.8,N/A - From RDC,SO-522,Pre-PQ Process,Pre-PQ Process,ARV,104-CI-T01,16-Jul-07,MIssing,Adult,60,0.6,SCMS from RDC,N/A - From RDC,373
12790,DN-736,Generic,Haiti,29-May-08,29-May-08,300mg,Tablet,Yes,9711.2,From RDC,"Abacavir 300mg, tablets, 60 Tabs",11.89,270,7433.1,PMO - US,Mylan (formerly Matrix) Nashik,Abacavir,27.53,N/A - From RDC,SO-2050,Pre-PQ Process,Pre-PQ Process,ARV,106-HT-T01,29-May-08,Air,Adult,60,0.46,SCMS from RDC,N/A - From RDC,862
11630,DN-1184,Generic,Nigeria,30-Apr-09,30-Apr-09,200mg,Tablet,Yes,3515.96,From RDC,"Nevirapine 200mg, tablets, 60 Tabs",36.09,5754,18412.8,PMO - US,Hetero Unit III Hyderabad IN,Nevirapine,3.2,N/A - From RDC,SO-22832,Pre-PQ Process,Pre-PQ Process,ARV,123-NG-T01,30-Apr-09,Air,Adult,60,0.05,SCMS from RDC,N/A - From RDC,318
12472,DN-611,Generic,CÃte dIvoire,19-Feb-08,19-Feb-08,150/300mg,Tablet - FDC,Yes,8321.29,From RDC,"Lamivudine/Zidovudine 150/300mg, tablets, 60 Tabs",5.64,371,3524.5,PMO - US,"Aurobindo Unit III, India",Lamivudine/Zidovudine,9.5,N/A - From RDC,SO-1663,Pre-PQ Process,Pre-PQ Process,ARV,104-CI-T01,06-Mar-08,Air,Adult,60,0.16,SCMS from RDC,N/A - From RDC,4689
2765,ASN-737,Generic,Vietnam,02-Oct-07,02-Oct-07,600mg,Tablet,Yes,18045.24,Direct Drop,"Efavirenz 600mg, tablets, 30 Tabs",443.88,22500,277425.0,PMO - US,"Aurobindo Unit III, India",Efavirenz,12.33,07-03-07,SCMS-749,Pre-PQ Process,Pre-PQ Process,ARV,108-VN-T01,02-Oct-07,Air,Adult,30,0.41,Aurobindo Pharma Limited,EXW,2895
4635,ASN-2515,Generic,Vietnam,25-Sep-08,25-Sep-08,200mg,Tablet,Yes,3171.36,Direct Drop,"Nevirapine 200mg, tablets, 60 Tabs",8.57,1848,5359.2,PMO - US,"Aurobindo Unit III, India",Nevirapine,2.9,07-01-08,SCMS-26171,Pre-PQ Process,Pre-PQ Process,ARV,108-VN-T01,25-Sep-08,Air,Adult,60,0.05,Aurobindo Pharma Limited,EXW,327
10563,DN-203,Aluvia,Zambia,27-Jul-07,27-Jul-07,200/50mg,Tablet,Yes,4761.51,From RDC,"Lopinavir/Ritonavir 200/50mg [Aluvia], tablets, 120 Tabs",330.05,5019,206280.9,PMO - US,ABBVIE Ludwigshafen Germany,Lopinavir/Ritonavir,41.1,N/A - From RDC,SO-624,Pre-PQ Process,Pre-PQ Process,ARV,110-ZM-T01,27-Jul-07,MIssing,Adult,120,0.34,SCMS from RDC,N/A - From RDC,1092
11226,DN-556,Generic,Tanzania,06-Feb-08,06-Feb-08,300mg,Tablet,No,See DN-556 (ID#:10662),From RDC,"Abacavir 300mg, tablets, 60 Tabs",49.69,1128,31053.84,PMO - US,"Aurobindo Unit III, India",Abacavir,27.53,N/A - From RDC,SO-1647,Pre-PQ Process,Pre-PQ Process,ARV,109-TZ-T01,06-Feb-08,Air,Adult,60,0.46,SCMS from RDC,N/A - From RDC,See DN-556 (ID#:10662)
2417,ASN-3857,Determine,Mozambique,26-May-09,26-May-09,MIssing,Test kit,Yes,25052.69,Direct Drop,"HIV 1/2, Determine Complete HIV Kit, 100 Tests",1270.08,9000,648000.0,PMO - US,Inverness Japan,"HIV 1/2, Determine Complete HIV Kit",72.0,03-11-09,SCMS-40370,Pre-PQ Process,Pre-PQ Process,HRDT,111-MZ-T01,26-May-09,Air,HIV test,100,0.72,"Orgenics, Ltd",EXW,2655
11749,DN-230,Bioline,Tanzania,18-Jul-07,18-Jul-07,MIssing,Test kit,Yes,9538.74,From RDC,"HIV 1/2, Bioline 3.0 Kit, Lancets, Capillary pipets, Alcohol swabs included, 25 Tests",203.39,6356,127120.0,PMO - US,"Standard Diagnostics, Korea","HIV 1/2, Bioline 3.0 Kit, Lancets, Capillary pipets, Alcohol swabs included",20.0,N/A - From RDC,SO-748,Pre-PQ Process,Pre-PQ Process,HRDT,109-TZ-T01,18-Jul-07,Air,HIV test,25,0.8,SCMS from RDC,N/A - From RDC,1879
11107,DN-137,Generic,Mozambique,01-Jun-07,01-Jun-07,600mg,Tablet,Yes,2912.01,From RDC,"Efavirenz 600mg, tablets, 30 Tabs",MIssing,25003,418800.25,PMO - US,"Aurobindo Unit III, India",Efavirenz,16.75,N/A - From RDC,SO-545,Pre-PQ Process,Pre-PQ Process,ARV,111-MZ-T01,01-Jun-07,Air,Adult,30,0.56,SCMS from RDC,N/A - From RDC,2177
11265,DN-690,Generic,Haiti,14-Apr-08,14-Apr-08,10mg/ml,Oral solution,No,See DN-690 (ID#:10706),From RDC,"Lamivudine 10mg/ml, oral solution, Bottle, 240 ml",13.67,4338,8545.86,PMO - US,"Aurobindo Unit III, India",Lamivudine,1.97,N/A - From RDC,SO-2055,Pre-PQ Process,Pre-PQ Process,ARV,106-HT-T01,14-Apr-08,Air,Pediatric,240,0.01,SCMS from RDC,N/A - From RDC,See DN-690 (ID#:10706)
11647,DN-1261,Generic,Nigeria,16-Jun-09,16-Jun-09,200mg,Tablet,Yes,7329.83,From RDC,"Nevirapine 200mg, tablets, 60 Tabs",0.14,24,72.0,PMO - US,"Aurobindo Unit III, India",Nevirapine,3.0,N/A - From RDC,SO-31170,Pre-PQ Process,Pre-PQ Process,ARV,153-NG-T01,16-Jun-09,Air Charter,Adult,60,0.05,SCMS from RDC,N/A - From RDC,21
12113,DN-355,Generic,Zimbabwe,20-Sep-07,20-Sep-07,150/200/30mg,Tablet - FDC,No,See DN-355 (ID#:11787),From RDC,"Lamivudine/Nevirapine/Stavudine 150/200/30mg, tablets, 60 Tabs",440.92,37240,275576.0,PMO - US,"Cipla, Goa, India",Lamivudine/Nevirapine/Stavudine,7.4,N/A - From RDC,SO-705,Pre-PQ Process,Pre-PQ Process,ARV,100-ZW-T01,20-Sep-07,Truck,Adult,60,0.12,SCMS from RDC,N/A - From RDC,See DN-355 (ID#:11787)
5036,ASN-3611,Generic,South Africa,28-Jan-09,28-Jan-09,300mg,Tablet,Yes,Freight Included in Commodity Cost,Direct Drop,"Zidovudine 300mg, tablets, 60 Tabs",161.94,6800,82620.0,PMO - US,"Aurobindo Unit III, India",Zidovudine,12.15,Date Not Captured,SCMS-40850,Pre-PQ Process,Pre-PQ Process,ARV,116-ZA-T01,16-Jun-09,Air,Adult,60,0.2,S. BUYS WHOLESALER,DDP,Weight Captured Separately
10868,DN-356,Genie,CÃte dIvoire,19-Sep-07,19-Sep-07,MIssing,Test kit,No,See DN-356 (ID#:10867),From RDC,"#108853** HIV, Genie II HIV-1/HIV-2 Kit, 40 Tests",74.78,615,46740.0,PMO - US,Bio-Rad Laboratories,"HIV, Genie II HIV-1/HIV-2 Kit",76.0,N/A - From RDC,SO-792,Pre-PQ Process,Pre-PQ Process,HRDT,104-CI-T01,19-Sep-07,MIssing,HIV test,40,1.9,SCMS from RDC,N/A - From RDC,See DN-356 (ID#:10867)
4193,ASN-1595,Generic,Rwanda,22-Apr-08,22-Apr-08,150/200/30mg,Tablet - FDC,Yes,10500,Direct Drop,"Lamivudine/Nevirapine/Stavudine 150/200/30mg, tablets, 60 Tabs",434.38,38784,271488.0,PMO - US,"Cipla, Goa, India",Lamivudine/Nevirapine/Stavudine,7.0,11/21/07,SCMS-14221,Pre-PQ Process,Pre-PQ Process,ARV,107-RW-T01,28-Apr-08,Air,Adult,60,0.12,CIPLA LIMITED,CIP,4124
11016,DN-1059,Truvada,Nigeria,19-Jan-09,19-Jan-09,300/200mg,Tablet - FDC,Yes,13538.35,From RDC,"Emtricitabine/Tenofovir Disoproxil Fumarate 200/300mg [Truvada], tablets, 30 Tabs",7.15,139,3648.75,PMO - US,"Aspen-OSD, Port Elizabeth, SA",Emtricitabine/Tenofovir Disoproxil Fumarate,26.25,N/A - From RDC,SO-20950,Pre-PQ Process,Pre-PQ Process,ARV,112-NG-T01,19-Jan-09,Air,Adult,30,0.88,SCMS from RDC,N/A - From RDC,192
13093,ASN-21695,Generic,Vietnam,09-Oct-13,09-Oct-13,600/300/300mg,Tablet - FDC,Yes,2021.05,Direct Drop,"Efavirenz/Lamivudine/Tenofovir Disoproxil Fumarate 600/300/300mg, tablets, 30 Tabs",163.45,11500,132135.0,PMO - US,Mylan (formerly Matrix) Nashik,Efavirenz/Lamivudine/Tenofovir Disoproxil Fumarate,11.49,05-10-13,SCMS-188540,FPQ-12187,05-03-13,ARV,108-VN-T30,11-Oct-13,Air,Adult,30,0.38,MYLAN LABORATORIES LTD (FORMERLY MATRIX LABORATORIES),EXW,1295
10282,ASN-3678,Uni-Gold,Rwanda,06-Apr-09,06-Apr-09,MIssing,Test kit,Yes,3100.66,Direct Drop,"HIV 1/2, Uni-Gold HIV Kit, 20 Tests",60.4,963,30816.0,PMO - US,"Trinity Biotech, Plc","HIV 1/2, Uni-Gold HIV Kit",32.0,2/18/09,SCMS-38670,Pre-PQ Process,Pre-PQ Process,HRDT,107-RW-T01,06-Apr-09,Air,HIV test,20,1.6,"Trinity Biotech, Plc",EXW,320
8061,ASN-682,Bioline,Tanzania,25-Oct-07,25-Oct-07,MIssing,Test kit,Yes,28837.28,Direct Drop,"HIV 1/2, Bioline 3.0 Kit, Lancets, Capillary pipets, Alcohol swabs included, 25 Tests",320,10000,200000.0,PMO - US,"Standard Diagnostics, Korea","HIV 1/2, Bioline 3.0 Kit, Lancets, Capillary pipets, Alcohol swabs included",20.0,Date Not Captured,SCMS-10250,Pre-PQ Process,Pre-PQ Process,HRDT,109-TZ-T01,25-Oct-07,Air,HIV test,25,0.8,"Standard Diagnostics, Inc.",EXW,3336
12425,DN-415,Uni-Gold,Mozambique,30-Nov-07,30-Nov-07,MIssing,Test kit,No,See DN-415 (ID#:12120),From RDC,"HIV 1/2, Uni-Gold HIV Kit, 20 Tests",256,5000,160000.0,PMO - US,"Trinity Biotech, Plc","HIV 1/2, Uni-Gold HIV Kit",32.0,N/A - From RDC,SO-1064,Pre-PQ Process,Pre-PQ Process,HRDT,111-MZ-T01,30-Nov-07,Air,HIV test,20,1.6,SCMS from RDC,N/A - From RDC,See DN-415 (ID#:12120)
2158,ASN-3553,Invirase,South Africa,09-Oct-08,09-Oct-08,200mg,Capsule,No,Freight Included in Commodity Cost,Direct Drop,"Saquinavir 200mg [Invirase], capsules, 270 Caps",0.83,6,424.08,PMO - US,Roche Basel,Saquinavir,70.68,Date Not Captured,SCMS-33320,Pre-PQ Process,Pre-PQ Process,ARV,116-ZA-T01,17-May-09,Truck,Adult,270,0.26,S. BUYS WHOLESALER,DDP,Weight Captured Separately
11852,DN-581,Generic,CÃte dIvoire,05-Feb-08,05-Feb-08,10mg/ml,Oral suspension,No,See DN-581 (ID#:10667),From RDC,"Nevirapine 10mg/ml, oral suspension, Bottle, 240 ml",8.33,2712,5207.04,PMO - US,"Aurobindo Unit III, India",Nevirapine,1.92,N/A - From RDC,SO-1679,Pre-PQ Process,Pre-PQ Process,ARV,104-CI-T01,05-Feb-08,Air,Pediatric,240,0.01,SCMS from RDC,N/A - From RDC,See DN-581 (ID#:10667)
6139,ASN-3423,Paramax,Guyana,06-Mar-09,06-Mar-09,MIssing,Test kit,Yes,Freight Included in Commodity Cost,Direct Drop,"Malaria Paramax-3 Kit, 25 Tests",7.94,108,4050.0,PMO - US,Not Applicable,Malaria Paramax-3 Kit,37.5,11/19/08,SCMS-33940,Pre-PQ Process,Pre-PQ Process,MRDT,102-GY-T01,06-Mar-09,Air,Malaria,25,1.5,ZEPHYR BIOMEDICALS,CIP,Weight Captured Separately
12718,DN-372,Determine,Haiti,06-Oct-07,06-Oct-07,MIssing,Test kit,Yes,1732.74,From RDC,"HIV 1/2, Determine Complete HIV Kit, 100 Tests",69.12,600,43200.0,PMO - US,ABBVIE GmbH & Co.KG Wiesbaden,"HIV 1/2, Determine Complete HIV Kit",72.0,N/A - From RDC,SO-1099,Pre-PQ Process,Pre-PQ Process,HRDT,106-HT-T01,06-Oct-07,MIssing,HIV test,100,0.72,SCMS from RDC,N/A - From RDC,137
10664,DN-561,LAV,CÃte dIvoire,17-Jan-08,17-Jan-08,MIssing,Test kit,Yes,1148,From RDC,"HIV 2, New LAV Blot 2 HIV Kit, 18 Tests",4.44,9,2773.53,PMO - US,Bio-Rad Laboratories,"HIV 2, New LAV Blot 2 HIV Kit",308.17,N/A - From RDC,SO-1278,Pre-PQ Process,Pre-PQ Process,HRDT,104-CI-T01,17-Jan-08,Air,HIV test,18,17.12,SCMS from RDC,N/A - From RDC,13
5661,ASN-1598,Genie,CÃte dIvoire,30-May-08,30-May-08,MIssing,Test kit,Yes,7915.98,Direct Drop,"#108853** HIV, Genie II HIV-1/HIV-2 Kit, 40 Tests",40.25,331,25156.0,PMO - US,Bio-Rad Laboratories,"HIV, Genie II HIV-1/HIV-2 Kit",76.0,3/18/08,SCMS-19100,Pre-PQ Process,Pre-PQ Process,HRDT,104-CI-T01,30-May-08,Air,HIV test,40,1.9,BIO-RAD LABORATORIES (FRANCE),EXW,366
10948,DN-820,Generic,Zambia,29-Jul-08,29-Jul-08,150/30mg,Tablet - FDC,Yes,954.13,From RDC,"Lamivudine/Stavudine 150/30mg, tablets, 30 Tabs",38.4,12000,24000.0,PMO - US,"Cipla, Goa, India",Lamivudine/Stavudine,2.0,N/A - From RDC,SO-2547,Pre-PQ Process,Pre-PQ Process,ARV,110-ZM-T01,29-Jul-08,Truck,Adult,30,0.07,SCMS from RDC,N/A - From RDC,700
7398,ASN-2712,Genie,CÃte dIvoire,24-Nov-08,24-Nov-08,MIssing,Test kit,Yes,9698.22,Direct Drop,"#108853** HIV, Genie II HIV-1/HIV-2 Kit, 40 Tests",89.82,603,45828.0,PMO - US,Bio-Rad Laboratories,"HIV, Genie II HIV-1/HIV-2 Kit",76.0,9/18/08,SCMS-30410,Pre-PQ Process,Pre-PQ Process,HRDT,104-CI-T01,24-Nov-08,Air,HIV test,40,1.9,BIO-RAD LABORATORIES (FRANCE),EXW,679
12443,DN-498,Generic,Haiti,31-Dec-07,31-Dec-07,200mg,Tablet,Yes,32483.5,From RDC,"Nevirapine 200mg, tablets, 60 Tabs",228.48,42000,142800.0,PMO - US,"Aurobindo Unit III, India",Nevirapine,3.4,N/A - From RDC,SO-1289,Pre-PQ Process,Pre-PQ Process,ARV,106-HT-T01,31-Dec-07,Air,Adult,60,0.06,SCMS from RDC,N/A - From RDC,3957
12766,DN-614,Generic,Haiti,21-Feb-08,21-Feb-08,150mg,Tablet,No,See DN-614 (ID#:11219),From RDC,"Lamivudine 150mg, tablets, 60 Tabs",156.28,32129,97672.16,PMO - US,"Ranbaxy, Paonta Shahib, India",Lamivudine,3.04,N/A - From RDC,SO-1287,Pre-PQ Process,Pre-PQ Process,ARV,106-HT-T01,04-Mar-08,Air,Adult,60,0.05,SCMS from RDC,N/A - From RDC,See DN-614 (ID#:11219)
8461,ASN-2335,Generic,Vietnam,20-Sep-08,20-Sep-08,300mg,Tablet,No,See ASN-2335 (ID#:5796),Direct Drop,"Zidovudine 300mg, tablets, 60 Tabs",5.18,432,3240.0,PMO - US,Mylan (formerly Matrix) Nashik,Zidovudine,7.5,5/13/08,SCMS-23440,Pre-PQ Process,Pre-PQ Process,ARV,108-VN-T01,20-Sep-08,Air,Adult,60,0.12,MYLAN LABORATORIES LTD (FORMERLY MATRIX LABORATORIES),EXW,See ASN-2335 (ID#:5796)
12037,DN-46,Generic,CÃte dIvoire,04-May-07,04-May-07,600mg,Tablet,No,See DN-46 (ID#:10550),From RDC,"Efavirenz 600mg, tablets, 30 Tabs",MIssing,6519,105933.75,PMO - US,"Aurobindo Unit III, India",Efavirenz,16.25,N/A - From RDC,SO-284,Pre-PQ Process,Pre-PQ Process,ARV,100-CI-T01,04-May-07,MIssing,Adult,30,0.54,SCMS from RDC,N/A - From RDC,See DN-46 (ID#:10550)
796,ASN-2796,Uni-Gold,Botswana,28-Nov-08,28-Nov-08,MIssing,Test kit - Ancillary,Yes,578.01,Direct Drop,"#109436**HIV 1, Uni-Gold Recombigen HIV Control, Vial 2 x 0.5 ml",0.88,15,450.0,PMO - US,"Trinity Biotech, Plc","HIV 1, Uni-Gold Recombigen HIV Control, Vial 2 x 0.5 ml",30.0,10-02-08,SCMS-31370,Pre-PQ Process,Pre-PQ Process,HRDT,102-BW-T01,28-Nov-08,Air,HIV test - Ancillary,2,15.0,"Trinity Biotech, Plc",EXW,1
2430,ASN-3575,Generic,South Africa,01-Dec-08,01-Dec-08,200mg,Tablet,Yes,Freight Included in Commodity Cost,Direct Drop,"Nevirapine 200mg, tablets, 60 Tabs",48.18,5017,24583.3,PMO - US,"Aurobindo Unit III, India",Nevirapine,4.9,Date Not Captured,SCMS-40790,Pre-PQ Process,Pre-PQ Process,ARV,116-ZA-T01,24-Mar-09,Air,Adult,60,0.08,S. BUYS WHOLESALER,DDP,Weight Captured Separately
10908,DN-435,Truvada,Uganda,10-Dec-07,10-Dec-07,300/200mg,Tablet - FDC,Yes,3393,From RDC,"Emtricitabine/Tenofovir Disoproxil Fumarate 200/300mg [Truvada], tablets, 30 Tabs",1.76,42,1102.5,PMO - US,Gilead(Nycomed) Oranienburg DE,Emtricitabine/Tenofovir Disoproxil Fumarate,26.25,N/A - From RDC,SO-1300,Pre-PQ Process,Pre-PQ Process,ARV,114-UG-T01,10-Dec-07,Air,Adult,30,0.88,SCMS from RDC,N/A - From RDC,464
12197,DN-694,Generic,Zambia,10-Apr-08,10-Apr-08,600mg,Tablet,Yes,15007.8,From RDC,"Efavirenz 600mg, tablets, 30 Tabs",960.8,50000,600500.0,PMO - US,Mylan (formerly Matrix) Nashik,Efavirenz,12.01,N/A - From RDC,SO-1892,Pre-PQ Process,Pre-PQ Process,ARV,110-ZM-T01,10-Apr-08,MIssing,Adult,30,0.4,SCMS from RDC,N/A - From RDC,3897
3354,ASN-2840,Colloidal Gold,Ethiopia,17-Nov-08,17-Nov-08,MIssing,Test kit,Yes,46117.09,Direct Drop,"HIV 1/2, SKB Colloidal Gold, Diagnostic Kit, Antibody, 50 Tests",315.47,6998,160954.0,PMO - US,"KHB Test Kit Facility, Shanghai China","HIV 1/2, Colloidal Gold, Diagnostic Kit, Antibody",23.0,8/22/08,SCMS-28690,Pre-PQ Process,Pre-PQ Process,HRDT,117-ET-T01,17-Nov-08,Air,HIV test,1,23.0,"SHANGHAI KEHUA BIOENGINEERING CO.,LTD.  (KHB)",EXW,4913
10472,ASN-4185,Uni-Gold,Botswana,10-Jul-09,10-Jul-09,MIssing,Test kit,Yes,1060.43,Direct Drop,"HIV 1/2, Uni-Gold HIV Kit, 20 Tests",8.66,138,4416.0,PMO - US,"Trinity Biotech, Plc","HIV 1/2, Uni-Gold HIV Kit",32.0,5/26/09,SCMS-46460,Pre-PQ Process,Pre-PQ Process,HRDT,100-BW-T01,10-Jul-09,Air,HIV test,20,1.6,"Trinity Biotech, Plc",EXW,56
9200,ASN-4819,Generic,South Africa,21-Jul-09,21-Jul-09,600mg,Tablet,No,Freight Included in Commodity Cost,Direct Drop,"Efavirenz 600mg, tablets, 30 Tabs",33.36,1000,17020.0,PMO - US,"Cipla, Goa, India",Efavirenz,17.02,06-05-09,SCMS-47050,Pre-PQ Process,Pre-PQ Process,ARV,116-ZA-T01,12-Oct-09,Truck,Adult,30,0.57,S. BUYS WHOLESALER,DDP,Weight Captured Separately
5987,ASN-2508,Determine,CÃte dIvoire,13-Oct-08,13-Oct-08,MIssing,Test kit,Yes,4015,Direct Drop,"HIV 1/2, Determine HIV Kit, without Lancets, 100 Tests",131.49,1174,82180.0,PMO - US,Inverness Japan,"HIV 1/2, Determine HIV Kit, without Lancets",70.0,8/28/08,SCMS-29160,Pre-PQ Process,Pre-PQ Process,HRDT,104-CI-T01,13-Oct-08,Air,HIV test,100,0.7,"Orgenics, Ltd",EXW,275
13547,ASN-28279,Uni-Gold,"Congo, DRC",04-Nov-14,20-Nov-14,MIssing,Test kit,Yes,8021.11,Direct Drop,"HIV 1/2, Uni-Gold HIV Kit, 20 Tests",2.53,77,2464.0,PMO - US,"Trinity Biotech, Plc","HIV 1/2, Uni-Gold HIV Kit",32.0,8/27/14,SCMS-253260,FPQ-14654,08-11-14,HRDT,101-CD-T30,04-Nov-14,Air,HIV test,20,1.6,"Trinity Biotech, Plc",EXW,509
13845,ASN-33473,Prezista,South Africa,24-Jul-15,24-Jul-15,600mg,Tablet,Yes,Freight Included in Commodity Cost,Direct Drop,"Darunavir 600mg [Prezista], tablets, 60 Tabs",1.72,33,1671.87,PMO - US,"Janssen-Cilag, Latina, IT",Darunavir,50.66,10-09-14,SCMS-259078,FPQ-14942,09-11-14,ARV,116-ZA-T30,24-Jul-15,Truck,Adult,60,0.84,PHARMACY DIRECT,DDP,Weight Captured Separately
12072,DN-209,Generic,Nigeria,03-Jul-07,03-Jul-07,150/300+200mg,Tablet - FDC + co-blister,No,See DN-209 (ID#:11136),From RDC,"Lamivudine/Zidovudine+Nevirapine 150/300+200mg, tablets, co-blister, 60+60 Tabs",328.66,10020,205410.0,PMO - US,"Aspen-OSD, Port Elizabeth, SA",Lamivudine/Zidovudine+Nevirapine,20.5,N/A - From RDC,SO-563,Pre-PQ Process,Pre-PQ Process,ARV,112-NG-T01,03-Jul-07,MIssing,Adult,120,0.17,SCMS from RDC,N/A - From RDC,See DN-209 (ID#:11136)
12543,DN-1094,Generic,Uganda,19-Mar-09,19-Mar-09,600mg,Tablet,Yes,966.37,From RDC,"Efavirenz 600mg, tablets, 30 Tabs",0.19,9,99.0,PMO - US,"Aurobindo Unit III, India",Efavirenz,11.0,N/A - From RDC,SO-17911,Pre-PQ Process,Pre-PQ Process,ARV,114-UG-T01,19-Mar-09,Air,Adult,30,0.37,SCMS from RDC,N/A - From RDC,1
1337,ASN-813,Videx,CÃte dIvoire,23-Oct-07,23-Oct-07,50mg,Chewable/dispersible tablet,Yes,Freight Included in Commodity Cost,Direct Drop,"Didanosine 50mg [Videx], chewable tablets, 60 Tabs",23.97,1577,14981.5,PMO - US,"BMS Meymac, France",Didanosine,9.5,05-09-07,SCMS-610,Pre-PQ Process,Pre-PQ Process,ARV,104-CI-T01,23-Oct-07,Air,Pediatric,60,0.16,BRISTOL-MYERS SQUIBB,CIP,306
11881,DN-734,Generic,CÃte dIvoire,02-Jun-08,02-Jun-08,1mg/ml,Oral solution,No,See DN-734 (ID#:10689),From RDC,"Stavudine 1mg/ml, powder for oral solution, 200 ml",7.23,3229,4520.6,PMO - US,"Aurobindo Unit III, India",Stavudine,1.4,N/A - From RDC,SO-2044,Pre-PQ Process,Pre-PQ Process,ARV,104-CI-T01,02-Jun-08,Air,Pediatric,200,0.01,SCMS from RDC,N/A - From RDC,See DN-734 (ID#:10689)
410,ASN-2434,Determine,Zimbabwe,17-Nov-08,17-Nov-08,MIssing,Test kit,Yes,4112.46,Direct Drop,"HIV 1/2, Determine HIV Kit, without Lancets, 100 Tests",188.21,1634,117631.66,PMO - US,Inverness Japan,"HIV 1/2, Determine HIV Kit, without Lancets",71.99,3/17/08,SCMS-18870,Pre-PQ Process,Pre-PQ Process,HRDT,113-ZW-T01,17-Nov-08,Air,HIV test,100,0.72,"Orgenics, Ltd",EXW,373
5120,ASN-4095,Genie,CÃte dIvoire,17-Jun-09,17-Jun-09,MIssing,Test kit,Yes,2199.43,Direct Drop,"#108853** HIV, Genie II HIV-1/HIV-2 Kit, 40 Tests",3.88,18,1980.0,PMO - US,Bio-Rad Laboratories,"HIV, Genie II HIV-1/HIV-2 Kit",110.0,4/15/09,SCMS-44050,Pre-PQ Process,Pre-PQ Process,HRDT,104-CI-T01,10-Jun-09,Air,HIV test,40,2.75,BIO-RAD LABORATORIES (FRANCE),EXW,20
11956,DN-1142,Generic,Nigeria,19-Mar-09,19-Mar-09,150/300/200mg,Tablet - FDC,Yes,22985.73,From RDC,"Lamivudine/Nevirapine/Zidovudine 150/200/300mg, tablets, 60 Tabs",96.39,4314,49179.6,PMO - US,"Aurobindo Unit III, India",Lamivudine/Nevirapine/Zidovudine,11.4,N/A - From RDC,SO-21808,Pre-PQ Process,Pre-PQ Process,ARV,151-NG-T01,19-Mar-09,Air Charter,Adult,60,0.19,SCMS from RDC,N/A - From RDC,485
10800,DN-1492,Generic,CÃte dIvoire,27-Oct-09,27-Oct-09,10mg/ml,Oral solution,Yes,2298.61,From RDC,"Lamivudine 10mg/ml, oral solution, Bottle, 240 ml",14.48,3535,6716.5,PMO - US,"Aurobindo Unit III, India",Lamivudine,1.9,N/A - From RDC,SO-34070,Pre-PQ Process,Date Not Captured,ARV,104-CI-T01,27-Oct-09,Air,Pediatric,240,0.01,SCMS from RDC,N/A - From RDC,1224
4650,ASN-2658,Generic,Mozambique,01-Nov-08,01-Nov-08,MIssing,Test kit - Ancillary,Yes,23743.01,Direct Drop,"HIV, Lancet, Safety, for HIV Test kits, 100 Pcs",0.15,7690,76.9,PMO - US,Inverness Japan,"HIV, Lancet, Safety, for HIV Test kits, 100 Pcs",0.01,8/26/08,SCMS-28730,Pre-PQ Process,Pre-PQ Process,HRDT,111-MZ-T01,01-Nov-08,Air,HIV test - Ancillary,100,0.0,"Orgenics, Ltd",EXW,2278
11200,DN-440,Generic,CÃte dIvoire,29-Nov-07,29-Nov-07,30mg,Capsule,Yes,3452,From RDC,"Stavudine 30mg, capsules, 60 Caps",39.2,14000,24500.0,PMO - US,"Strides, Bangalore, India.",Stavudine,1.75,N/A - From RDC,SO-1145,Pre-PQ Process,Pre-PQ Process,ARV,104-CI-T01,29-Nov-07,Air,Adult,60,0.03,SCMS from RDC,N/A - From RDC,989
12439,DN-454,Aluvia,Zambia,06-Dec-07,06-Dec-07,200/50mg,Tablet,Yes,9736.5,From RDC,"Lopinavir/Ritonavir 200/50mg [Aluvia], tablets, 120 Tabs",804.9,12240,503064.0,PMO - US,ABBVIE (Abbott) Logis. UK,Lopinavir/Ritonavir,41.1,N/A - From RDC,SO-1031,Pre-PQ Process,Pre-PQ Process,ARV,110-ZM-T01,06-Dec-07,Air,Adult,120,0.34,SCMS from RDC,N/A - From RDC,2662
11263,DN-703,Generic,Ethiopia,21-Apr-08,21-Apr-08,10mg/ml,Oral solution,Yes,3472.55,From RDC,"Zidovudine 10mg/ml, oral solution, Bottle, 240 ml",6.35,1846,3968.9,PMO - US,"Aurobindo Unit III, India",Zidovudine,2.15,N/A - From RDC,SO-1974,Pre-PQ Process,Pre-PQ Process,ARV,117-ET-T01,21-Apr-08,Air,Pediatric,240,0.01,SCMS from RDC,N/A - From RDC,773
11431,DN-306,Norvir,CÃte dIvoire,17-Aug-07,17-Aug-07,100mg,Capsule,Yes,5911.5,From RDC,"Ritonavir 100mg [Norvir], capsules, cool, 4 x 84 Caps",62.91,1025,39319.0,PMO - US,ABBVIE (Abbott) France,Ritonavir,38.36,N/A - From RDC,SO-631,Pre-PQ Process,Pre-PQ Process,ARV,104-CI-T01,17-Aug-07,MIssing,Adult,336,0.11,SCMS from RDC,N/A - From RDC,1436
9960,ASN-2403,Generic,Mozambique,03-Oct-08,03-Oct-08,MIssing,Test kit - Ancillary,No,See ASN-2403 (ID#:3386),Direct Drop,"HIV, Lancet, Safety, for HIV Test kits, 100 Pcs",0.02,1000,10.0,PMO - US,Inverness Japan,"HIV, Lancet, Safety, for HIV Test kits, 100 Pcs",0.01,8/29/08,SCMS-29440,Pre-PQ Process,Pre-PQ Process,HRDT,111-MZ-T01,03-Oct-08,Air,HIV test - Ancillary,100,0.0,"Orgenics, Ltd",EXW,See ASN-2403 (ID#:3386)
10817,DN-124,Aluvia,Mozambique,18-May-07,18-May-07,200/50mg,Tablet,Yes,348.09,From RDC,"Lopinavir/Ritonavir 200/50mg [Aluvia], tablets, 120 Tabs",MIssing,250,10275.0,PMO - US,ABBVIE Ludwigshafen Germany,Lopinavir/Ritonavir,41.1,N/A - From RDC,SO-383,Pre-PQ Process,Pre-PQ Process,ARV,111-MZ-T01,18-May-07,Air,Adult,120,0.34,SCMS from RDC,N/A - From RDC,105
11652,DN-1279,Generic,Haiti,18-Jun-09,18-Jun-09,10mg/ml,Oral suspension,Yes,7789.85,From RDC,"Nevirapine 10mg/ml, oral suspension, Bottle, 240 ml",11.42,3035,5827.2,PMO - US,"Aurobindo Unit III, India",Nevirapine,1.92,N/A - From RDC,SO-24833,Pre-PQ Process,Pre-PQ Process,ARV,106-HT-T01,18-Jun-09,Air,Pediatric,240,0.01,SCMS from RDC,N/A - From RDC,1133
11637,DN-1226,Generic,Uganda,01-Jun-09,01-Jun-09,150/300mg,Tablet - FDC,Yes,1122.87,From RDC,"Lamivudine/Zidovudine 150/300mg, tablets, 60 Tabs",11.76,685,6000.6,PMO - US,Mylan (formerly Matrix) Nashik,Lamivudine/Zidovudine,8.76,N/A - From RDC,SO-26161,Pre-PQ Process,Pre-PQ Process,ARV,114-UG-T01,01-Jun-09,Air,Adult,60,0.15,SCMS from RDC,N/A - From RDC,67
1941,ASN-2438,Generic,Nigeria,15-Oct-08,15-Oct-08,MIssing,Test kit - Ancillary,Yes,24870.05,Direct Drop,"HIV, Lancet, Safety, for HIV Test kits, 100 Pcs",0.1,6502,65.02,PMO - US,Inverness Japan,"HIV, Lancet, Safety, for HIV Test kits, 100 Pcs",0.01,7/18/08,SCMS-27060,Pre-PQ Process,Pre-PQ Process,HRDT,133-NG-T01,15-Oct-08,Air,HIV test - Ancillary,100,0.0,"Orgenics, Ltd",EXW,1927
2655,ASN-49,Viread,Vietnam,01-Sep-06,01-Sep-06,300mg,Tablet,Yes,7682.69,Direct Drop,"Tenofovir Disoproxil Fumarate 300mg [Viread], tablets, 30 Tabs",MIssing,1000,17000.0,PMO - US,Gilead(Nycomed) Oranienburg DE,Tenofovir Disoproxil Fumarate,17.0,Date Not Captured,SCMS-80,Pre-PQ Process,Pre-PQ Process,ARV,108-VN-T01,01-Sep-06,Air,Adult,30,0.57,"GILEAD SCIENCES IRELAND, INC.",EXW,61
12567,DN-1195,Generic,Mozambique,16-Jun-09,16-Jun-09,150/300/200mg,Tablet - FDC,Yes,15990.35,From RDC,"Lamivudine/Nevirapine/Zidovudine 150/200/300mg, tablets, 60 Tabs",608.08,26292,310245.6,PMO - US,Mylan (formerly Matrix) Nashik,Lamivudine/Nevirapine/Zidovudine,11.8,N/A - From RDC,SO-27870,Pre-PQ Process,Pre-PQ Process,ARV,111-MZ-T01,16-Jun-09,Air,Adult,60,0.2,SCMS from RDC,N/A - From RDC,3218
5295,ASN-155,OraQuick,Nigeria,17-Dec-06,17-Dec-06,MIssing,Test kit,Yes,Invoiced Separately,Direct Drop,"HIV 1/2, OraQuick Advance HIV Rapid Antibody Kit, 100 Tests",MIssing,8,3200.0,PMO - US,"Pacific Biotech, Thailand","HIV 1/2, OraQuick Advance HIV Rapid Antibody Kit",400.0,Date Not Captured,SCMS-229,Pre-PQ Process,Pre-PQ Process,HRDT,102-NG-T01,17-Dec-06,Air,HIV test,100,4.0,Orasure Technologies Inc.,EXW,Weight Captured Separately
9578,ASN-1327,Capillus,Haiti,18-Feb-08,18-Feb-08,MIssing,Test kit,Yes,Invoiced Separately,Direct Drop,"HIV 1/2, Capillus HIV Kit, 100 Tests",55.6,250,34750.0,PMO - US,"Trinity Biotech, Plc","HIV 1/2, Capillus HIV Kit",139.0,02-04-08,SCMS-16700,Pre-PQ Process,Pre-PQ Process,HRDT,106-HT-T01,18-Feb-08,Air,HIV test,100,1.39,"Trinity Biotech, Plc",EXW,Weight Captured Separately
10950,DN-826,Generic,Tanzania,29-Jul-08,29-Jul-08,200mg,Tablet,No,See DN-826 (ID#:10674),From RDC,"Nevirapine 200mg, tablets, 60 Tabs",273.57,50288,170979.2,PMO - US,"Aurobindo Unit III, India",Nevirapine,3.4,N/A - From RDC,SO-2560,Pre-PQ Process,Pre-PQ Process,ARV,109-TZ-T01,29-Jul-08,Air,Adult,60,0.06,SCMS from RDC,N/A - From RDC,See DN-826 (ID#:10674)
12270,DN-1163,Kaletra,CÃte dIvoire,23-Mar-09,23-Mar-09,80/20mg/ml,Oral solution,No,See DN-1163 (ID#:11030),From RDC,"Lopinavir/Ritonavir 80/20mg/ml [Kaletra], oral solution, cool, Bottle 5 x 60 ml",10.15,126,5178.6,PMO - US,ABBVIE (Abbott) Logis. UK,Lopinavir/Ritonavir,41.1,N/A - From RDC,SO-970,Pre-PQ Process,Pre-PQ Process,ARV,104-CI-T01,23-Mar-09,Air,Pediatric,300,0.14,SCMS from RDC,N/A - From RDC,See DN-1163 (ID#:11030)
12870,DN-879,Uni-Gold,Kenya,20-Aug-08,20-Aug-08,MIssing,Test kit,Yes,3616.67,From RDC,"HIV 1/2, Uni-Gold HIV Kit, 20 Tests",54.63,1067,34144.0,PMO - US,"Trinity Biotech, Plc","HIV 1/2, Uni-Gold HIV Kit",32.0,N/A - From RDC,SO-12710,Pre-PQ Process,Pre-PQ Process,HRDT,510-KE-T01,20-Aug-08,Truck,HIV test,20,1.6,SCMS from RDC,N/A - From RDC,297
4457,ASN-2275,Generic,Vietnam,19-Sep-08,19-Sep-08,200mg,Tablet,Yes,5881.57,Direct Drop,"Nevirapine 200mg, tablets, 60 Tabs",11.2,2180,6997.8,PMO - US,"Aurobindo Unit III, India",Nevirapine,3.21,5/13/08,SCMS-23320,Pre-PQ Process,Pre-PQ Process,ARV,108-VN-T01,19-Sep-08,Air,Adult,60,0.05,Aurobindo Pharma Limited,EXW,242
11654,DN-1282,Generic,Uganda,23-Jun-09,23-Jun-09,150/300mg,Tablet - FDC,Yes,3338.35,From RDC,"Lamivudine/Zidovudine 150/300mg, tablets, 60 Tabs",103.02,6000,52560.0,PMO - US,Mylan (formerly Matrix) Nashik,Lamivudine/Zidovudine,8.76,N/A - From RDC,SO-31450,Pre-PQ Process,Pre-PQ Process,ARV,114-UG-T01,23-Jun-09,Air,Adult,60,0.15,SCMS from RDC,N/A - From RDC,486
2171,ASN-3665,Determine,Nigeria,08-Apr-09,08-Apr-09,MIssing,Test kit,Yes,22451.67,Direct Drop,"HIV 1/2, Determine Complete HIV Kit, 100 Tests",901.76,5751,460080.0,PMO - US,Inverness Japan,"HIV 1/2, Determine Complete HIV Kit",80.0,11/20/08,SCMS-33820,Pre-PQ Process,Pre-PQ Process,HRDT,133-NG-T01,08-Apr-09,Air,HIV test,100,0.8,"Orgenics, Ltd",EXW,1723
10843,DN-270,Generic,Zambia,07-Aug-07,07-Aug-07,200mg,Tablet,Yes,37695.46,From RDC,"Nevirapine 200mg, tablets, 60 Tabs",301.96,52865,188728.05,PMO - US,"Aurobindo Unit III, India",Nevirapine,3.57,N/A - From RDC,SO-314,Pre-PQ Process,Pre-PQ Process,ARV,110-ZM-T01,07-Aug-07,MIssing,Adult,60,0.06,SCMS from RDC,N/A - From RDC,9182
10879,DN-332,Generic,Ethiopia,04-Sep-07,04-Sep-07,10mg/ml,Oral solution,No,See DN-332 (ID#:10613),From RDC,"Lamivudine 10mg/ml, oral solution, Bottle, 240 ml",50.16,15913,31348.61,PMO - US,"Aurobindo Unit III, India",Lamivudine,1.97,N/A - From RDC,SO-914,Pre-PQ Process,Pre-PQ Process,ARV,117-ET-T01,04-Sep-07,MIssing,Pediatric,240,0.01,SCMS from RDC,N/A - From RDC,See DN-332 (ID#:10613)
9041,ASN-3732,Truvada,South Africa,21-Jan-09,21-Jan-09,300/200mg,Tablet - FDC,No,Freight Included in Commodity Cost,Direct Drop,"Emtricitabine/Tenofovir Disoproxil Fumarate 200/300mg [Truvada], tablets, 30 Tabs",3.55,60,1813.2,PMO - US,"Aspen-OSD, Port Elizabeth, SA",Emtricitabine/Tenofovir Disoproxil Fumarate,30.22,Date Not Captured,SCMS-41190,Pre-PQ Process,Pre-PQ Process,ARV,116-ZA-T01,30-Mar-09,Air,Adult,30,1.01,S. BUYS WHOLESALER,DDP,Weight Captured Separately
11582,DN-967,Generic,Zambia,07-Nov-08,07-Nov-08,200mg,Tablet,Yes,2938.92,From RDC,"Nevirapine 200mg, tablets, 60 Tabs",333.2,50000,170000.0,PMO - US,Hetero Unit III Hyderabad IN,Nevirapine,3.4,N/A - From RDC,SO-2493,Pre-PQ Process,Pre-PQ Process,ARV,110-ZM-T01,07-Nov-08,Truck,Adult,60,0.06,SCMS from RDC,N/A - From RDC,2773
12094,DN-304,Generic,Mozambique,21-Sep-07,21-Sep-07,600mg,Tablet,No,See DN-304 (ID#:10589),From RDC,"Efavirenz 600mg, tablets, 30 Tabs",694.47,25913,434042.75,PMO - US,"Cipla, Goa, India",Efavirenz,16.75,N/A - From RDC,SO-298,Pre-PQ Process,Pre-PQ Process,ARV,111-MZ-T01,21-Sep-07,Air,Adult,30,0.56,SCMS from RDC,N/A - From RDC,See DN-304 (ID#:10589)
12973,ASN-14950,Generic,Haiti,12-Jun-12,12-Jun-12,30/50/6mg,Chewable/dispersible tablet - FDC,Yes,304.62,Direct Drop,"Lamivudine/Nevirapine/Stavudine 30/50/6mg, dispersible tablets, 60 Tabs",0.96,298,685.4,PMO - US,"Cipla, Goa, India",Lamivudine/Nevirapine/Stavudine,2.3,2/24/12,SCMS-138620,FPQ-9066,01-06-12,ARV,106-HT-T30,12-Jun-12,Air,Pediatric,60,0.04,CIPLA LIMITED,EXW,21
11947,DN-960,Generic,Nigeria,30-Oct-08,30-Oct-08,200mg,Capsule,No,See DN-960 (ID#:11945),From RDC,"Efavirenz 200mg, capsule, 90 Caps",35.5,1132,18112.0,PMO - US,"Aurobindo Unit III, India",Efavirenz,16.0,N/A - From RDC,SO-2554,Pre-PQ Process,Pre-PQ Process,ARV,123-NG-T01,30-Oct-08,Air,Pediatric,90,0.18,SCMS from RDC,N/A - From RDC,See DN-960 (ID#:11945)
5249,ASN-53,Kaletra,Vietnam,15-Sep-06,15-Sep-06,133.3/33.3mg,Capsule,Yes,7286.16,Direct Drop,"Lopinavir/Ritonavir 133.3/33.3mg [Kaletra], capsules, cool, 2 x 90 Caps",MIssing,198,35802.36,PMO - US,ABBVIE (Abbott) St. Pburg USA,Lopinavir/Ritonavir,180.82,Date Not Captured,SCMS-79,Pre-PQ Process,Pre-PQ Process,ARV,108-VN-T01,15-Sep-06,Air,Adult,180,1.0,ABBVIE LOGISTICS (FORMERLY ABBOTT LOGISTICS BV),CIP,389
2439,ASN-3732,Generic,South Africa,21-Jan-09,21-Jan-09,30mg,Capsule,Yes,Freight Included in Commodity Cost,Direct Drop,"Stavudine 30mg, capsules, 60 Caps",5.72,1000,2920.0,PMO - US,"Aurobindo Unit III, India",Stavudine,2.92,Date Not Captured,SCMS-41190,Pre-PQ Process,Pre-PQ Process,ARV,116-ZA-T01,30-Mar-09,Air,Adult,60,0.05,S. BUYS WHOLESALER,DDP,Weight Captured Separately
10973,DN-687,Generic,Zimbabwe,30-Mar-08,30-Mar-08,150/200/30mg,Tablet - FDC,No,See DN-687 (ID#:10697),From RDC,"Lamivudine/Nevirapine/Stavudine 150/200/30mg, tablets, 60 Tabs",440.92,37240,275576.0,PMO - US,"Cipla, Goa, India",Lamivudine/Nevirapine/Stavudine,7.4,N/A - From RDC,SO-713,Pre-PQ Process,Pre-PQ Process,ARV,100-ZW-T01,30-Mar-08,Air,Adult,60,0.12,SCMS from RDC,N/A - From RDC,See DN-687 (ID#:10697)
11801,DN-390,Bioline,Tanzania,04-Dec-07,04-Dec-07,MIssing,Test kit,Yes,13606.4,From RDC,"HIV 1/2, Bioline 3.0 Kit, Lancets, Capillary pipets, Alcohol swabs included, 25 Tests",294.4,9200,184000.0,PMO - US,"Standard Diagnostics, Korea","HIV 1/2, Bioline 3.0 Kit, Lancets, Capillary pipets, Alcohol swabs included",20.0,N/A - From RDC,SO-750,Pre-PQ Process,Pre-PQ Process,HRDT,109-TZ-T01,04-Dec-07,Air,HIV test,25,0.8,SCMS from RDC,N/A - From RDC,3327
422,ASN-1665,Invirase,South Africa,24-Apr-08,24-Apr-08,200mg,Capsule,Yes,Freight Included in Commodity Cost,Direct Drop,"Saquinavir 200mg [Invirase], capsules, 270 Caps",0.65,6,405.06,PMO - US,Roche Basel,Saquinavir,67.51,2/20/08,SCMS-19800,Pre-PQ Process,Pre-PQ Process,ARV,116-ZA-T01,24-Apr-08,Truck,Adult,270,0.25,S. BUYS WHOLESALER,DDP,Weight Captured Separately
10970,DN-698,Crixivan,Mozambique,23-Jun-08,23-Jun-08,400mg,Capsule,Yes,4551.52,From RDC,"Indinavir 400mg [Crixivan], capsules, 180 Caps",114.24,1428,71400.0,PMO - US,"MSD, Haarlem, NL",Indinavir,50.0,N/A - From RDC,SO-1615,Pre-PQ Process,Pre-PQ Process,ARV,111-MZ-T01,23-Jun-08,Air,Adult,180,0.28,SCMS from RDC,N/A - From RDC,2955
10590,DN-299,Generic,Zimbabwe,17-Aug-07,17-Aug-07,300mg,Tablet,Yes,1949.84,From RDC,"Zidovudine 300mg, tablets, 60 Tabs",15.65,1200,9780.0,PMO - US,"Aurobindo Unit III, India",Zidovudine,8.15,N/A - From RDC,SO-897,Pre-PQ Process,Pre-PQ Process,ARV,100-ZW-T01,17-Aug-07,Truck,Adult,60,0.14,SCMS from RDC,N/A - From RDC,70
6524,ASN-3988,Clearview,Namibia,15-May-09,15-May-09,MIssing,Test kit,Yes,87.73,Direct Drop,"HIV 1/2, Clearview Complete Kit, 25 Tests",1.03,7,525.0,PMO - US,Chembio Diagnostics Sys. Inc.,"HIV 1/2, Clearview Complete Kit",75.0,4/30/09,SCMS-45420,Pre-PQ Process,Pre-PQ Process,HRDT,139-NA-T01,15-May-09,Air,HIV test,25,3.0,"Orgenics, Ltd",DDP,5
11635,DN-1209,Generic,Nigeria,08-May-09,08-May-09,150/300/200mg,Tablet - FDC,No,See DN-1209 (ID#:10763),From RDC,"Lamivudine/Nevirapine/Zidovudine 150/200/300mg, tablets, 60 Tabs",0.02,1,11.4,PMO - US,"Aurobindo Unit III, India",Lamivudine/Nevirapine/Zidovudine,11.4,N/A - From RDC,SO-22527,Pre-PQ Process,Pre-PQ Process,ARV,151-NG-T01,08-May-09,Air Charter,Adult,60,0.19,SCMS from RDC,N/A - From RDC,See DN-1209 (ID#:10763)
13652,ASN-4872,Generic,Vietnam,30-Sep-09,30-Sep-09,600mg,Tablet,Yes,4191.83,Direct Drop,"Efavirenz 600mg, tablets, 30 Tabs",273.96,21504,139776.0,PMO - US,Mylan (formerly Matrix) Nashik,Efavirenz,6.5,6/29/09,SCMS-48290,FPQ-3896,6/25/09,ARV,108-VN-T30,30-Sep-09,Air,Adult,30,0.22,MYLAN LABORATORIES LTD (FORMERLY MATRIX LABORATORIES),EXW,1849
10825,DN-187,Generic,Zimbabwe,12-Jun-07,12-Jun-07,150mg,Tablet,Yes,1013.24,From RDC,"Lamivudine 150mg, tablets, 60 Tabs",12.19,2329,7615.83,PMO - US,"Ranbaxy, Paonta Shahib, India",Lamivudine,3.27,N/A - From RDC,SO-279,Pre-PQ Process,Pre-PQ Process,ARV,113-ZW-T01,12-Jun-07,MIssing,Adult,60,0.05,SCMS from RDC,N/A - From RDC,153
6400,ASN-3635,Generic,South Africa,05-Dec-08,05-Dec-08,10mg/ml,Oral solution,No,See ASN-3635 (ID#:3745),Direct Drop,"Zidovudine 10mg/ml, oral solution, Bottle, 240 ml",0.16,23,83.72,PMO - US,"Aurobindo Unit III, India",Zidovudine,3.64,Date Not Captured,SCMS-41050,Pre-PQ Process,Pre-PQ Process,ARV,116-ZA-T01,21-Apr-09,Air,Pediatric,240,0.02,S. BUYS WHOLESALER,DDP,See ASN-3635 (ID#:3745)
10787,DN-1368,Generic,Tanzania,20-Aug-09,20-Aug-09,300mg,Tablet,Yes,3588.34,From RDC,"Abacavir 300mg, tablets, 60 Tabs",239.13,4794,122007.3,PMO - US,Mylan (formerly Matrix) Nashik,Abacavir,25.45,N/A - From RDC,SO-31280,Pre-PQ Process,Date Not Captured,ARV,109-TZ-T01,20-Aug-09,Truck,Adult,60,0.42,SCMS from RDC,N/A - From RDC,475
12143,DN-525,Generic,Ethiopia,20-Dec-07,20-Dec-07,200mg,Tablet,Yes,1318,From RDC,"Nevirapine 200mg, tablets, 60 Tabs",6.83,1255,4267.0,PMO - US,"Aurobindo Unit III, India",Nevirapine,3.4,N/A - From RDC,SO-1530,Pre-PQ Process,Pre-PQ Process,ARV,117-ET-T01,20-Dec-07,Air,Adult,60,0.06,SCMS from RDC,N/A - From RDC,120
1359,ASN-782,Generic,Vietnam,15-Oct-07,15-Oct-07,150/300/200mg,Tablet - FDC,Yes,4454.62,Direct Drop,"Lamivudine/Nevirapine/Zidovudine 150/200/300mg, tablets, 60 Tabs",64.8,3000,40500.0,PMO - US,"Aurobindo Unit III, India",Lamivudine/Nevirapine/Zidovudine,13.5,07-04-07,SCMS-753,Pre-PQ Process,Pre-PQ Process,ARV,108-VN-T01,15-Oct-07,Air,Adult,60,0.22,Aurobindo Pharma Limited,EXW,332
11043,DN-1227,Aluvia,Uganda,01-Jun-09,01-Jun-09,200/50mg,Tablet,Yes,1152.63,From RDC,"Lopinavir/Ritonavir 200/50mg [Aluvia], tablets, 120 Tabs",8.06,100,4110.0,PMO - US,ABBVIE Ludwigshafen Germany,Lopinavir/Ritonavir,41.1,N/A - From RDC,SO-30060,Pre-PQ Process,Pre-PQ Process,ARV,114-UG-T01,01-Jun-09,Air,Adult,120,0.34,SCMS from RDC,N/A - From RDC,23
9201,ASN-4819,Truvada,South Africa,21-Jul-09,21-Jul-09,300/200mg,Tablet - FDC,No,Freight Included in Commodity Cost,Direct Drop,"Emtricitabine/Tenofovir Disoproxil Fumarate 200/300mg [Truvada], tablets, 30 Tabs",20.91,260,10670.4,PMO - US,"Aspen-OSD, Port Elizabeth, SA",Emtricitabine/Tenofovir Disoproxil Fumarate,41.04,06-05-09,SCMS-47050,Pre-PQ Process,Pre-PQ Process,ARV,116-ZA-T01,12-Oct-09,Truck,Adult,30,1.37,S. BUYS WHOLESALER,DDP,Weight Captured Separately
6111,ASN-3157,Colloidal Gold,Ethiopia,26-Jan-09,26-Jan-09,MIssing,Test kit,Yes,20083.74,Direct Drop,"HIV 1/2, SKB Colloidal Gold, Diagnostic Kit, Antibody, 50 Tests",158.23,3510,80730.0,PMO - US,"KHB Test Kit Facility, Shanghai China","HIV 1/2, Colloidal Gold, Diagnostic Kit, Antibody",23.0,10/27/08,SCMS-32630,Pre-PQ Process,Pre-PQ Process,HRDT,117-ET-T01,26-Jan-09,Air,HIV test,1,23.0,"SHANGHAI KEHUA BIOENGINEERING CO.,LTD.  (KHB)",EXW,2535
12260,DN-1080,Generic,Nigeria,16-Feb-09,16-Feb-09,600mg,Tablet,Yes,3680.33,From RDC,"Efavirenz 600mg, tablets, 30 Tabs",290.48,13473,148203.0,PMO - US,"Aurobindo Unit III, India",Efavirenz,11.0,N/A - From RDC,SO-19070,Pre-PQ Process,Pre-PQ Process,ARV,123-NG-T01,16-Feb-09,Air,Adult,30,0.37,SCMS from RDC,N/A - From RDC,1146
12056,DN-209,Generic,Nigeria,03-Jul-07,03-Jul-07,10mg/ml,Oral suspension,No,See DN-209 (ID#:11136),From RDC,"Nevirapine 10mg/ml, oral suspension, Bottle, 240 ml",3.1,313,1940.6,PMO - US,"Aurobindo Unit III, India",Nevirapine,6.2,N/A - From RDC,SO-563,Pre-PQ Process,Pre-PQ Process,ARV,112-NG-T01,03-Jul-07,MIssing,Pediatric,240,0.03,SCMS from RDC,N/A - From RDC,See DN-209 (ID#:11136)
2156,ASN-3553,Generic,South Africa,09-Oct-08,09-Oct-08,600mg,Tablet,No,Freight Included in Commodity Cost,Direct Drop,"Efavirenz 600mg, tablets, 30 Tabs",40,1300,20410.0,PMO - US,"Cipla, Goa, India",Efavirenz,15.7,Date Not Captured,SCMS-33320,Pre-PQ Process,Pre-PQ Process,ARV,116-ZA-T01,17-May-09,Truck,Adult,30,0.52,S. BUYS WHOLESALER,DDP,Weight Captured Separately
610,ASN-2274,Generic,Vietnam,19-Sep-08,19-Sep-08,150mg,Tablet,Yes,18614.72,Direct Drop,"Lamivudine 150mg, tablets, 60 Tabs",148.38,38640,92736.0,PMO - US,"Aurobindo Unit III, India",Lamivudine,2.4,07-01-08,SCMS-26180,Pre-PQ Process,Pre-PQ Process,ARV,108-VN-T01,19-Sep-08,Air,Adult,60,0.04,Aurobindo Pharma Limited,EXW,2719
12068,DN-140,Generic,Zimbabwe,20-May-07,20-May-07,600mg,Tablet,Yes,1130.49,From RDC,"Efavirenz 600mg, tablets, 30 Tabs",MIssing,2800,45528.0,PMO - US,"Aurobindo Unit III, India",Efavirenz,16.26,N/A - From RDC,SO-415,Pre-PQ Process,Pre-PQ Process,ARV,113-ZW-T01,20-May-07,MIssing,Adult,30,0.54,SCMS from RDC,N/A - From RDC,246
12139,DN-478,Crixivan,CÃte dIvoire,10-Dec-07,10-Dec-07,400mg,Capsule,No,See DN-478 (ID#:10645),From RDC,"Indinavir 400mg [Crixivan], capsules, 180 Caps",196,2450,122500.0,PMO - US,"MSD, Haarlem, NL",Indinavir,50.0,N/A - From RDC,SO-1408,Pre-PQ Process,Pre-PQ Process,ARV,104-CI-T01,10-Dec-07,Air,Adult,180,0.28,SCMS from RDC,N/A - From RDC,See DN-478 (ID#:10645)
11517,DN-590,Aluvia,Rwanda,29-Feb-08,29-Feb-08,200/50mg,Tablet,Yes,5531.4,From RDC,"Lopinavir/Ritonavir 200/50mg [Aluvia], tablets, 120 Tabs",39.46,600,24660.0,PMO - US,ABBVIE (Abbott) Logis. UK,Lopinavir/Ritonavir,41.1,N/A - From RDC,SO-1534,Pre-PQ Process,Pre-PQ Process,ARV,107-RW-T01,29-Feb-08,Air,Adult,120,0.34,SCMS from RDC,N/A - From RDC,859
10976,DN-657,Determine,Haiti,19-Mar-08,19-Mar-08,MIssing,Test kit,Yes,774.84,From RDC,"HIV 1/2, Determine HIV Kit, without Lancets, 100 Tests",3.46,30,2160.0,PMO - US,Inverness Japan,"HIV 1/2, Determine HIV Kit, without Lancets",72.0,N/A - From RDC,SO-1565,Pre-PQ Process,Pre-PQ Process,HRDT,106-HT-T01,19-Mar-08,Air,HIV test,100,0.72,SCMS from RDC,N/A - From RDC,7
3989,ASN-362,Capillus,Haiti,08-May-07,08-May-07,MIssing,Test kit,Yes,4702.79,Direct Drop,"HIV 1/2, Capillus HIV Kit, 100 Tests",MIssing,125,17375.0,PMO - US,"Trinity Biotech, Plc","HIV 1/2, Capillus HIV Kit",139.0,04-04-07,SCMS-540,Pre-PQ Process,Pre-PQ Process,HRDT,100-HT-T01,08-May-07,Air,HIV test,100,1.39,"Trinity Biotech, Plc",EXW,78
12195,DN-637,Generic,Tanzania,28-Mar-08,28-Mar-08,600mg,Tablet,Yes,20395.6,From RDC,"Efavirenz 600mg, tablets, 30 Tabs",337.82,17000,211140.0,PMO - US,"Aurobindo Unit III, India",Efavirenz,12.42,N/A - From RDC,SO-1652,Pre-PQ Process,Pre-PQ Process,ARV,109-TZ-T01,28-Mar-08,Air,Adult,30,0.41,SCMS from RDC,N/A - From RDC,6007
11137,DN-209,Generic,Nigeria,03-Jul-07,03-Jul-07,150/200/40mg,Tablet - FDC,No,See DN-209 (ID#:11136),From RDC,"Lamivudine/Nevirapine/Stavudine 150/200/40mg, tablets, 60 Tabs",12.54,1018,7838.6,PMO - US,"Cipla, Goa, India",Lamivudine/Nevirapine/Stavudine,7.7,N/A - From RDC,SO-563,Pre-PQ Process,Pre-PQ Process,ARV,112-NG-T01,03-Jul-07,MIssing,Adult,60,0.13,SCMS from RDC,N/A - From RDC,See DN-209 (ID#:11136)
5261,ASN-61,Generic,CÃte dIvoire,06-Sep-06,06-Sep-06,30mg,Capsule,No,See ASN-61 (ID#:5260),Direct Drop,"Stavudine 30mg, capsules, 60 Caps",MIssing,9321,29361.15,PMO - US,"Aurobindo Unit III, India",Stavudine,3.15,Date Not Captured,SCMS-103,Pre-PQ Process,Pre-PQ Process,ARV,104-CI-T01,06-Sep-06,Air,Adult,60,0.05,Aurobindo Pharma Limited,EXW,See ASN-61 (ID#:5260)
10388,ASN-4224,Generic,South Africa,15-May-09,15-May-09,30mg,Capsule,No,Freight Included in Commodity Cost,Direct Drop,"Stavudine 30mg, capsules, 60 Caps",10.62,1800,5418.0,PMO - US,"Aurobindo Unit III, India",Stavudine,3.01,04-02-09,SCMS-47320,Pre-PQ Process,Pre-PQ Process,ARV,116-ZA-T01,15-May-09,Truck,Adult,60,0.05,S. BUYS WHOLESALER,DDP,Weight Captured Separately
1086,ASN-4385,Generic,South Africa,20-Apr-09,20-Apr-09,30mg,Capsule,Yes,Freight Included in Commodity Cost,Direct Drop,"Stavudine 30mg, capsules, 60 Caps",68.63,11672,35016.0,PMO - US,"Aurobindo Unit III, India",Stavudine,3.0,3/27/09,SCMS-41584,Pre-PQ Process,Pre-PQ Process,ARV,116-ZA-T01,25-Jun-09,Air,Adult,60,0.05,S. BUYS WHOLESALER,DDP,Weight Captured Separately
10688,DN-733,Generic,Haiti,26-May-08,26-May-08,200mg,Tablet,Yes,35933.8,From RDC,"Nevirapine 200mg, tablets, 60 Tabs",63.97,11760,39984.0,PMO - US,"Aurobindo Unit III, India",Nevirapine,3.4,N/A - From RDC,SO-2059,Pre-PQ Process,Pre-PQ Process,ARV,106-HT-T01,26-May-08,Air,Adult,60,0.06,SCMS from RDC,N/A - From RDC,3820
6848,ASN-1594,Generic,Rwanda,22-Apr-08,22-Apr-08,150/200/30mg,Tablet - FDC,Yes,10500,Direct Drop,"Lamivudine/Nevirapine/Stavudine 150/200/30mg, tablets, 60 Tabs",387.25,34576,242032.0,PMO - US,"Cipla, Goa, India",Lamivudine/Nevirapine/Stavudine,7.0,11/21/07,SCMS-14221,Pre-PQ Process,Pre-PQ Process,ARV,107-RW-T01,28-Apr-08,Air,Adult,60,0.12,CIPLA LIMITED,CIP,3656
8735,ASN-3507,Determine,Mozambique,14-Apr-09,14-Apr-09,MIssing,Test kit,Yes,13093.27,Direct Drop,"HIV 1/2, Determine Complete HIV Kit, 100 Tests",677.38,4800,345600.0,PMO - US,Inverness Japan,"HIV 1/2, Determine Complete HIV Kit",72.0,10/14/08,SCMS-31750,Pre-PQ Process,Pre-PQ Process,HRDT,111-MZ-T01,14-Apr-09,Air,HIV test,100,0.72,"Orgenics, Ltd",EXW,1417
11350,DN-1395,Generic,Mozambique,07-Oct-09,07-Oct-09,600mg,Tablet,Yes,1588.05,From RDC,"Efavirenz 600mg, tablets, 30 Tabs",160.75,8438,82017.36,PMO - US,"Aurobindo Unit III, India",Efavirenz,9.72,N/A - From RDC,SO-32560,Pre-PQ Process,Date Not Captured,ARV,111-MZ-T01,07-Oct-09,Truck,Adult,30,0.32,SCMS from RDC,N/A - From RDC,1404
10416,ASN-4460,Generic,Rwanda,14-Sep-09,14-Sep-09,150/300mg,Tablet - FDC,Yes,33235.44,Direct Drop,"Lamivudine/Zidovudine 150/300mg, tablets, 60 Tabs",683.3,38736,348624.0,PMO - US,Mylan (formerly Matrix) Nashik,Lamivudine/Zidovudine,9.0,4/15/09,SCMS-43790,Pre-PQ Process,Pre-PQ Process,ARV,107-RW-T01,14-Sep-09,Air,Adult,60,0.15,MYLAN LABORATORIES LTD (FORMERLY MATRIX LABORATORIES),CIP,3080
11639,DN-1231,Generic,Mozambique,28-Jun-09,28-Jun-09,300mg,Tablet,No,See DN-1231 (ID#:11044),From RDC,"Zidovudine 300mg, tablets, 60 Tabs",110.31,7300,56283.0,PMO - US,"Aurobindo Unit III, India",Zidovudine,7.71,N/A - From RDC,SO-30440,Pre-PQ Process,Pre-PQ Process,ARV,111-MZ-T01,28-Jun-09,Truck,Adult,60,0.13,SCMS from RDC,N/A - From RDC,See DN-1231 (ID#:11044)
9253,ASN-83,Determine,Haiti,18-Oct-06,18-Oct-06,MIssing,Test kit,Yes,1215.84,Direct Drop,"HIV 1/2, Determine Complete HIV Kit, 100 Tests",MIssing,500,40000.0,PMO - US,ABBVIE GmbH & Co.KG Wiesbaden,"HIV 1/2, Determine Complete HIV Kit",80.0,Date Not Captured,SCMS-63,Pre-PQ Process,Pre-PQ Process,HRDT,106-HT-T01,18-Oct-06,Air,HIV test,100,0.8,Abbott GmbH & Co. KG,EXW,169
11747,DN-243,Aluvia,Tanzania,30-Jul-07,30-Jul-07,200/50mg,Tablet,Yes,1388,From RDC,"Lopinavir/Ritonavir 200/50mg [Aluvia], tablets, 120 Tabs",75.95,1155,47470.5,PMO - US,ABBVIE Ludwigshafen Germany,Lopinavir/Ritonavir,41.1,N/A - From RDC,SO-633,Pre-PQ Process,Pre-PQ Process,ARV,109-TZ-T01,30-Jul-07,Air,Adult,120,0.34,SCMS from RDC,N/A - From RDC,255
9489,ASN-1172,Generic,Vietnam,25-Jan-08,25-Jan-08,300mg,Tablet,Yes,2127.22,Direct Drop,"Zidovudine 300mg, tablets, 60 Tabs",8.04,600,5028.0,PMO - US,"Ranbaxy, Paonta Shahib, India",Zidovudine,8.38,11/21/07,SCMS-14201,Pre-PQ Process,Pre-PQ Process,ARV,108-VN-T01,22-Jan-08,Air,Adult,60,0.14,SUN PHARMACEUTICAL INDUSTRIES LTD (RANBAXY LABORATORIES LIMITED),EXW,34
12545,DN-1106,Generic,Nigeria,26-Feb-09,26-Feb-09,30mg,Capsule,Yes,6315.3,From RDC,"Stavudine 30mg, capsules, 60 Caps",33.85,11142,17270.1,PMO - US,"Aurobindo Unit III, India",Stavudine,1.55,N/A - From RDC,SO-23040,Pre-PQ Process,Pre-PQ Process,ARV,123-NG-T01,26-Feb-09,Air,Adult,60,0.03,SCMS from RDC,N/A - From RDC,739
2558,ASN-4186,Determine,Namibia,15-Jun-09,15-Jun-09,MIssing,Test kit,Yes,2008.54,Direct Drop,"HIV 1/2, Determine HIV Kit, without Lancets, 100 Tests",109.76,800,56000.0,PMO - US,Inverness Japan,"HIV 1/2, Determine HIV Kit, without Lancets",70.0,4/27/09,SCMS-44960,Pre-PQ Process,Pre-PQ Process,HRDT,119-NA-T01,15-Jun-09,Air,HIV test,100,0.7,"Orgenics, Ltd",EXW,195
6647,ASN-192,Capillus,Rwanda,25-Jan-07,25-Jan-07,MIssing,Test kit,Yes,859.37,Direct Drop,"HIV 1/2, Capillus HIV Kit, 100 Tests",MIssing,60,10500.0,PMO - US,"Trinity Biotech, Plc","HIV 1/2, Capillus HIV Kit",175.0,12/29/06,SCMS-289,Pre-PQ Process,Pre-PQ Process,HRDT,107-RW-T01,25-Jan-07,Air,HIV test,100,1.75,"Trinity Biotech, Plc",EXW,39
2823,ASN-967,Uni-Gold,Guyana,03-Dec-07,03-Dec-07,MIssing,Test kit,Yes,6524.19,Direct Drop,"HIV 1/2, Uni-Gold HIV Kit, 20 Tests",113.66,2220,71040.0,PMO - US,"Trinity Biotech, Plc","HIV 1/2, Uni-Gold HIV Kit",32.0,8/28/07,SCMS-11670,Pre-PQ Process,Pre-PQ Process,HRDT,102-GY-T01,03-Dec-07,Air,HIV test,20,1.6,"Trinity Biotech, Plc",EXW,732
12075,DN-223,Generic,Zambia,16-Jul-07,16-Jul-07,200mg,Tablet,Yes,30412.53,From RDC,"Nevirapine 200mg, tablets, 60 Tabs",451.41,79029,282133.53,PMO - US,"Aurobindo Unit III, India",Nevirapine,3.57,N/A - From RDC,SO-464,Pre-PQ Process,Pre-PQ Process,ARV,110-ZM-T01,16-Jul-07,MIssing,Adult,60,0.06,SCMS from RDC,N/A - From RDC,7393
12350,DN-152,Aluvia,Mozambique,08-Jun-07,08-Jun-07,200/50mg,Tablet,No,Freight Included in Commodity Cost,From RDC,"Lopinavir/Ritonavir 200/50mg [Aluvia], tablets, 120 Tabs",MIssing,900,36990.0,PMO - US,ABBVIE Ludwigshafen Germany,Lopinavir/Ritonavir,41.1,N/A - From RDC,SO-500,Pre-PQ Process,Pre-PQ Process,ARV,111-MZ-T01,08-Jun-07,Air,Adult,120,0.34,SCMS from RDC,N/A - From RDC,Weight Captured Separately
9842,ASN-2106,Coartem,Nigeria,05-Aug-08,05-Aug-08,20/120mg,Tablet - FDC + blister,No,See ASN-2106 (ID#:9841),Direct Drop,"Artemether/Lumefantrine 20/120mg [Coartem], scored tablets, Blister 30 x 18 Tabs",2.48,34,1547.68,PMO - US,"Novartis Pharma AG, Switzerland",Artemether/Lumefantrine,45.52,6/30/08,SCMS-26290,Pre-PQ Process,Pre-PQ Process,ACT,112-NG-T01,05-Aug-08,Air,ACT,540,0.08,IDA FOUNDATION,EXW,See ASN-2106 (ID#:9841)
6272,ASN-3415,Determine,Tanzania,31-Mar-09,31-Mar-09,MIssing,Test kit,Yes,4323.93,Direct Drop,"HIV 1/2, Determine Complete HIV Kit, 100 Tests",159.75,1132,81504.0,PMO - US,Inverness Japan,"HIV 1/2, Determine Complete HIV Kit",72.0,1/27/09,SCMS-37790,Pre-PQ Process,Pre-PQ Process,HRDT,109-TZ-T01,31-Mar-09,Air,HIV test,100,0.72,"Orgenics, Ltd",EXW,337
411,ASN-1467,Stat-Pak,Nigeria,17-Apr-08,17-Apr-08,MIssing,Test kit,Yes,5468.88,Direct Drop,"HIV 1/2, Stat-Pak HIV, Kit, 20 Tests",61.56,1425,38475.0,PMO - US,Chembio Diagnostics Sys. Inc.,"HIV 1/2, Stat-Pak HIV, Kit",27.0,3/13/08,SCMS-18940,Pre-PQ Process,Pre-PQ Process,HRDT,123-NG-T01,17-Apr-08,Air,HIV test,20,1.35,"CHEMBIO DIAGNOSTIC SYSTEMS, INC.",EXW,483
12205,DN-650,Generic,Namibia,17-Apr-08,17-Apr-08,MIssing,Test kit - Ancillary,No,See DN-650 (ID#:11897),From RDC,"HIV, Lancet, Safety, for HIV Test kits, 100 Pcs",0,90,0.9,PMO - US,Inverness Japan,"HIV, Lancet, Safety, for HIV Test kits, 100 Pcs",0.01,N/A - From RDC,SO-1929,Pre-PQ Process,Pre-PQ Process,HRDT,119-NA-T01,17-Apr-08,Air,HIV test - Ancillary,100,0.0,SCMS from RDC,N/A - From RDC,See DN-650 (ID#:11897)
10653,DN-600,Generic,Mozambique,18-Apr-08,18-Apr-08,10mg/ml,Oral solution,Yes,3894.6,From RDC,"Lamivudine 10mg/ml, oral solution, Bottle, 240 ml",10.71,2744,6695.36,PMO - US,"Aurobindo Unit III, India",Lamivudine,2.44,N/A - From RDC,SO-579,Pre-PQ Process,Pre-PQ Process,ARV,111-MZ-T01,18-Apr-08,Air,Pediatric,240,0.01,SCMS from RDC,N/A - From RDC,998
3552,ASN-3511,Determine,Guyana,17-Mar-09,17-Mar-09,MIssing,Test kit,Yes,1083.36,Direct Drop,"HIV 1/2, Determine Complete HIV Kit, 100 Tests",30.06,213,15336.0,PMO - US,Inverness Japan,"HIV 1/2, Determine Complete HIV Kit",72.0,12-11-08,SCMS-35570,Pre-PQ Process,Pre-PQ Process,HRDT,102-GY-T01,17-Mar-09,Air,HIV test,100,0.72,"Orgenics, Ltd",EXW,64
12811,DN-774,Determine,Zimbabwe,17-Jun-08,17-Jun-08,MIssing,Test kit,No,See DN-774 (ID#:11268),From RDC,"HIV 1/2, Determine HIV Kit, without Lancets, 100 Tests",207.33,1800,129582.0,PMO - US,Inverness Japan,"HIV 1/2, Determine HIV Kit, without Lancets",71.99,N/A - From RDC,SO-1053,Pre-PQ Process,Pre-PQ Process,HRDT,113-ZW-T01,17-Jun-08,Truck,HIV test,100,0.72,SCMS from RDC,N/A - From RDC,See DN-774 (ID#:11268)
11027,DN-1159,Norvir,CÃte dIvoire,20-Mar-09,20-Mar-09,100mg,Capsule,Yes,Invoiced Separately,From RDC,"Ritonavir 100mg [Norvir], capsules, cool, 4 x 84 Caps",61.47,4660,31361.8,PMO - US,ABBVIE (Abbott) France,Ritonavir,6.73,N/A - From RDC,SO-1409,Pre-PQ Process,Pre-PQ Process,ARV,104-CI-T01,20-Mar-09,Air,Adult,336,0.02,SCMS from RDC,N/A - From RDC,Weight Captured Separately
10634,DN-422,Generic,Nigeria,09-Nov-07,09-Nov-07,150/300/200mg,Tablet - FDC,Yes,5180,From RDC,"Lamivudine/Nevirapine/Zidovudine 150/200/300mg, tablets, 60 Tabs",160.62,7436,100386.0,PMO - US,"Aurobindo Unit III, India",Lamivudine/Nevirapine/Zidovudine,13.5,N/A - From RDC,SO-1109,Pre-PQ Process,Pre-PQ Process,ARV,112-NG-T01,09-Nov-07,Air,Adult,60,0.22,SCMS from RDC,N/A - From RDC,962
10890,DN-379,Invirase,CÃte dIvoire,15-Oct-07,15-Oct-07,200mg,Capsule,Yes,13721.28,From RDC,"Saquinavir 200mg [Invirase], capsules, 270 Caps",198.42,1577,124015.28,PMO - US,Roche Basel,Saquinavir,78.64,N/A - From RDC,SO-964,Pre-PQ Process,Pre-PQ Process,ARV,104-CI-T01,15-Oct-07,Air,Adult,270,0.29,SCMS from RDC,N/A - From RDC,3023
5936,ASN-2792,Generic,Vietnam,21-Nov-08,21-Nov-08,300mg,Tablet,Yes,2771.84,Direct Drop,"Abacavir 300mg, tablets, 60 Tabs",40.53,880,20680.0,PMO - US,"Aurobindo Unit III, India",Abacavir,23.5,7/24/08,SCMS-27320,Pre-PQ Process,Pre-PQ Process,ARV,108-VN-T01,21-Nov-08,Air,Adult,60,0.39,Aurobindo Pharma Limited,EXW,331
11333,DN-1295,Generic,Nigeria,16-Jun-09,16-Jun-09,150/200/30mg,Tablet - FDC,Yes,7329.83,From RDC,"Lamivudine/Nevirapine/Stavudine 150/200/30mg, tablets, 60 Tabs",558.21,40000,284800.0,PMO - US,"Strides, Bangalore, India.",Lamivudine/Nevirapine/Stavudine,7.12,N/A - From RDC,SO-24483,Pre-PQ Process,Pre-PQ Process,ARV,123-NG-T01,16-Jun-09,Air Charter,Adult,60,0.12,SCMS from RDC,N/A - From RDC,2970
12424,DN-409,Generic,Nigeria,16-Nov-07,16-Nov-07,600mg,Tablet,No,See DN-409 (ID#:10903),From RDC,"Efavirenz 600mg, tablets, 30 Tabs",23.85,1200,14904.0,PMO - US,"Aurobindo Unit III, India",Efavirenz,12.42,N/A - From RDC,SO-1221,Pre-PQ Process,Pre-PQ Process,ARV,112-NG-T01,16-Nov-07,Air,Adult,30,0.41,SCMS from RDC,N/A - From RDC,See DN-409 (ID#:10903)
10995,DN-1043,Generic,Uganda,04-Feb-09,04-Feb-09,150/300/200mg,Tablet - FDC,Yes,13586.1,From RDC,"Lamivudine/Nevirapine/Zidovudine 150/200/300mg, tablets, 60 Tabs",462.56,20000,236000.0,PMO - US,"Aurobindo Unit III, India",Lamivudine/Nevirapine/Zidovudine,11.8,N/A - From RDC,SO-17720,Pre-PQ Process,Pre-PQ Process,ARV,114-UG-T01,04-Feb-09,Air,Adult,60,0.2,SCMS from RDC,N/A - From RDC,2283
12317,DN-1407,Generic,Zambia,19-Oct-09,19-Oct-09,200mg,Tablet,No,See DN-1407 (ID#:11681),From RDC,"Nevirapine 200mg, tablets, 60 Tabs",92.42,15718,47154.0,PMO - US,"Aurobindo Unit III, India",Nevirapine,3.0,N/A - From RDC,SO-29030,Pre-PQ Process,Date Not Captured,ARV,110-ZM-T01,19-Oct-09,Truck,Adult,60,0.05,SCMS from RDC,N/A - From RDC,See DN-1407 (ID#:11681)
10641,DN-445,Generic,Haiti,22-Jan-08,22-Jan-08,150mg,Tablet,No,See DN-445 (ID#:10640),From RDC,"Lamivudine 150mg, tablets, 60 Tabs",24.32,5000,15200.0,PMO - US,"Aurobindo Unit III, India",Lamivudine,3.04,N/A - From RDC,SO-1288,Pre-PQ Process,Pre-PQ Process,ARV,106-HT-T01,22-Jan-08,Air,Adult,60,0.05,SCMS from RDC,N/A - From RDC,See DN-445 (ID#:10640)
10783,DN-1334,Generic,Mozambique,17-Aug-09,17-Aug-09,30mg,Capsule,Yes,1047.04,From RDC,"Stavudine 30mg, capsules, 60 Caps",1.37,470,700.3,PMO - US,"Aurobindo Unit III, India",Stavudine,1.49,N/A - From RDC,SO-32180,Pre-PQ Process,Date Not Captured,ARV,111-MZ-T01,17-Aug-09,Air,Adult,60,0.02,SCMS from RDC,N/A - From RDC,31
6601,ASN-54,Generic,Vietnam,04-Sep-06,04-Sep-06,600mg,Tablet,Yes,19044.32,Direct Drop,"Efavirenz 600mg, tablets, 30 Tabs",MIssing,19000,323000.0,PMO - US,"Cipla, Goa, India",Efavirenz,17.0,Date Not Captured,SCMS-83,Pre-PQ Process,Pre-PQ Process,ARV,108-VN-T01,04-Sep-06,Air,Adult,30,0.57,CIPLA LIMITED,EXW,1520
12235,DN-858,Generic,Mozambique,05-Sep-08,05-Sep-08,150/200/30mg,Tablet - FDC,No,Freight Included in Commodity Cost,From RDC,"Lamivudine/Nevirapine/Stavudine 150/200/30mg, tablets, 60 Tabs",876.99,76128,548121.6,PMO - US,"Strides, Bangalore, India.",Lamivudine/Nevirapine/Stavudine,7.2,N/A - From RDC,SO-2524,Pre-PQ Process,Pre-PQ Process,ARV,111-MZ-T01,05-Sep-08,Truck,Adult,60,0.12,SCMS from RDC,N/A - From RDC,Weight Captured Separately
12006,DN-1411,Generic,Zimbabwe,22-Sep-09,22-Sep-09,150/200/30mg,Tablet - FDC,No,See DN-1411 (ID#:11352),From RDC,"Lamivudine/Nevirapine/Stavudine 150/200/30mg, tablets, 60 Tabs",1060.6,76000,541120.0,PMO - US,"Cipla, Goa, India",Lamivudine/Nevirapine/Stavudine,7.12,N/A - From RDC,SO-21020,Pre-PQ Process,Date Not Captured,ARV,113-ZW-T01,22-Sep-09,Truck,Adult,60,0.12,SCMS from RDC,N/A - From RDC,See DN-1411 (ID#:11352)
11102,DN-53,Generic,CÃte dIvoire,04-May-07,04-May-07,600mg,Tablet,Yes,3006,From RDC,"Efavirenz 600mg, tablets, 30 Tabs",MIssing,10000,162500.0,PMO - US,"Aurobindo Unit III, India",Efavirenz,16.25,N/A - From RDC,SO-392,Pre-PQ Process,Pre-PQ Process,ARV,100-CI-T01,04-May-07,MIssing,Adult,30,0.54,SCMS from RDC,N/A - From RDC,901
4,ASN-14,Determine,CÃte dIvoire,27-Aug-06,27-Aug-06,MIssing,Test kit,Yes,1653.78,Direct Drop,"HIV 1/2, Determine Complete HIV Kit, 100 Tests",MIssing,500,40000.0,PMO - US,ABBVIE GmbH & Co.KG Wiesbaden,"HIV 1/2, Determine Complete HIV Kit",80.0,Date Not Captured,SCMS-20,Pre-PQ Process,Pre-PQ Process,HRDT,100-CI-T01,27-Aug-06,Air,HIV test,100,0.8,Abbott GmbH & Co. KG,FCA,171
12485,DN-689,Generic,Zambia,03-Apr-08,03-Apr-08,150/300mg,Tablet - FDC,Yes,2891.6,From RDC,"Lamivudine/Zidovudine 150/300mg, tablets, 60 Tabs",100.27,6597,62671.5,PMO - US,"Aurobindo Unit III, India",Lamivudine/Zidovudine,9.5,N/A - From RDC,SO-1992,Pre-PQ Process,Pre-PQ Process,ARV,110-ZM-T01,03-Apr-08,Air,Adult,60,0.16,SCMS from RDC,N/A - From RDC,617
10366,ASN-4386,Generic,South Africa,21-Apr-09,21-Apr-09,150mg,Tablet,No,Freight Included in Commodity Cost,Direct Drop,"Lamivudine 150mg, tablets, 60 Tabs",46.4,3344,23675.52,PMO - US,"Aurobindo Unit III, India",Lamivudine,7.08,3/27/09,SCMS-41585,Pre-PQ Process,Pre-PQ Process,ARV,116-ZA-T01,25-Jun-09,Air,Adult,60,0.12,S. BUYS WHOLESALER,DDP,Weight Captured Separately
13696,ASN-12145,Bioline,Dominican Republic,27-Sep-11,27-Sep-11,MIssing,Test kit - Ancillary,Yes,844.36,Direct Drop,"HIV 1/2, Bioline 3.0 Diluent, 25 Tests, Bottle x 5 ml",0.67,448,403.2,PMO - US,"Standard Diagnostics, Korea","HIV 1/2, Bioline 3.0 Diluent, 25 Tests",0.9,08-03-11,SCMS-117380,FPQ-7858,6/21/11,HRDT,105-DO-T30,27-Sep-11,Air,HIV test - Ancillary,1,0.9,"Standard Diagnostics, Inc.",EXW,71
2015,ASN-2503,Viramune,South Africa,14-Aug-08,14-Aug-08,10mg/ml,Oral suspension,No,Freight Included in Commodity Cost,Direct Drop,"Nevirapine 10mg/ml [Viramune], oral suspension, Bottle, 240 ml",0.89,40,557.6,PMO - US,"BI, Ingelheim, Germany",Nevirapine,13.94,Date Not Captured,SCMS-28830,Pre-PQ Process,Pre-PQ Process,ARV,116-ZA-T01,25-Aug-08,Truck,Pediatric,240,0.06,S. BUYS WHOLESALER,DDP,Weight Captured Separately
7921,ASN-13,Viracept,Vietnam,03-Sep-06,03-Sep-06,250mg,Tablet,Yes,7828.28,Direct Drop,"Nelfinavir (as mesilate) 250mg [Viracept], tablets, 270 Tabs",MIssing,1000,164620.0,PMO - US,Roche Madrid,Nelfinavir (as mesilate),164.62,Date Not Captured,SCMS-19,Pre-PQ Process,Pre-PQ Process,ARV,108-VN-T01,03-Sep-06,Air,Adult,270,0.61,Hoffmann-La Roche ltd Basel,EXW,254
10298,ASN-3761,Determine,CÃte dIvoire,14-May-09,14-May-09,MIssing,Test kit,Yes,9749.73,Direct Drop,"HIV 1/2, Determine HIV Kit, without Lancets, 100 Tests",205.8,1500,105000.0,PMO - US,Inverness Japan,"HIV 1/2, Determine HIV Kit, without Lancets",70.0,2/24/09,SCMS-39430,Pre-PQ Process,Pre-PQ Process,HRDT,104-CI-T01,14-May-09,Air,HIV test,100,0.7,"Orgenics, Ltd",EXW,341
12313,DN-1401,Generic,CÃte dIvoire,08-Sep-09,08-Sep-09,150/300/200mg,Tablet - FDC,No,See DN-1401 (ID#:10793),From RDC,"Lamivudine/Nevirapine/Zidovudine 150/200/300mg, tablets, 60 Tabs",626.67,28170,319729.5,PMO - US,"Aurobindo Unit III, India",Lamivudine/Nevirapine/Zidovudine,11.35,N/A - From RDC,SO-32210,Pre-PQ Process,Date Not Captured,ARV,104-CI-T01,08-Sep-09,Air,Adult,60,0.19,SCMS from RDC,N/A - From RDC,See DN-1401 (ID#:10793)
1047,ASN-3675,Videx,Haiti,31-Mar-09,31-Mar-09,2g,Powder for oral solution,No,See ASN-3675 (ID#:1046),Direct Drop,"Didanosine 2g [Videx], powder for oral solution 10mg/ml, reconstitute to 200 ml",0.79,32,402.88,PMO - US,"BMS Meymac, France",Didanosine,12.59,03-06-09,SCMS-40000,Pre-PQ Process,Pre-PQ Process,ARV,106-HT-T01,31-Mar-09,Air,Pediatric,200,0.06,BRISTOL-MYERS SQUIBB,CIP,See ASN-3675 (ID#:1046)
7469,ASN-2934,Colloidal Gold,Ethiopia,01-Dec-08,01-Dec-08,MIssing,Test kit,Yes,23035.69,Direct Drop,"HIV 1/2, SKB Colloidal Gold, Diagnostic Kit, Antibody, 50 Tests",158.23,3510,80730.0,PMO - US,"KHB Test Kit Facility, Shanghai China","HIV 1/2, Colloidal Gold, Diagnostic Kit, Antibody",23.0,10/27/08,SCMS-32640,Pre-PQ Process,Pre-PQ Process,HRDT,117-ET-T01,03-Dec-08,Air,HIV test,1,23.0,"SHANGHAI KEHUA BIOENGINEERING CO.,LTD.  (KHB)",EXW,2535
11318,DN-1231,Generic,Mozambique,28-Jun-09,28-Jun-09,600mg,Tablet,No,See DN-1231 (ID#:11044),From RDC,"Efavirenz 600mg, tablets, 30 Tabs",369.59,19400,188568.0,PMO - US,Mylan (formerly Matrix) Nashik,Efavirenz,9.72,N/A - From RDC,SO-30440,Pre-PQ Process,Pre-PQ Process,ARV,111-MZ-T01,28-Jun-09,Truck,Adult,30,0.32,SCMS from RDC,N/A - From RDC,See DN-1231 (ID#:11044)
4290,ASN-1530,Videx EC,South Africa,04-Feb-08,04-Feb-08,400mg,Delayed-release capsules - blister,Yes,Freight Included in Commodity Cost,Direct Drop,"Didanosine EC 400mg [Videx EC], delayed-release capsules, Blister 3 x 10 Caps",34.75,800,21720.0,PMO - US,"BMS Meymac, France",Didanosine EC,27.15,1/21/08,SCMS-17720,Pre-PQ Process,Pre-PQ Process,ARV,116-ZA-T01,05-Feb-08,Truck,Adult,30,0.9,"JSI R&T INSTITUTE, INC.",DDP,Weight Captured Separately
11257,DN-810,Generic,Mozambique,07-Aug-08,07-Aug-08,150/300/200mg,Tablet - FDC,Yes,3733.57,From RDC,"Lamivudine/Nevirapine/Zidovudine 150/200/300mg, tablets, 60 Tabs",358.78,16610,224235.0,PMO - US,"Cipla, Goa, India",Lamivudine/Nevirapine/Zidovudine,13.5,N/A - From RDC,SO-2423,Pre-PQ Process,Pre-PQ Process,ARV,111-MZ-T01,07-Aug-08,Truck,Adult,60,0.22,SCMS from RDC,N/A - From RDC,2298
11114,DN-104,Generic,Zambia,03-May-07,03-May-07,150/300mg,Tablet - FDC,Yes,19288.91,From RDC,"Lamivudine/Zidovudine 150/300mg, tablets, 60 Tabs",MIssing,50549,518127.25,PMO - US,"Aurobindo Unit III, India",Lamivudine/Zidovudine,10.25,N/A - From RDC,SO-211,Pre-PQ Process,Pre-PQ Process,ARV,110-ZM-T01,03-May-07,MIssing,Adult,60,0.17,SCMS from RDC,N/A - From RDC,4680
11490,DN-441,Generic,CÃte dIvoire,29-Nov-07,29-Nov-07,150mg,Tablet,Yes,10666,From RDC,"Lamivudine 150mg, tablets, 60 Tabs",340.48,70000,212800.0,PMO - US,"Aurobindo Unit III, India",Lamivudine,3.04,N/A - From RDC,SO-1306,Pre-PQ Process,Pre-PQ Process,ARV,104-CI-T01,29-Nov-07,Air,Adult,60,0.05,SCMS from RDC,N/A - From RDC,3681
12179,DN-840,Generic,Nigeria,03-Aug-08,03-Aug-08,30mg,Capsule,Yes,10575.63,From RDC,"Stavudine 30mg, capsules, 60 Caps",2.11,850,1317.5,PMO - US,"Aurobindo Unit III, India",Stavudine,1.55,N/A - From RDC,SO-10030,Pre-PQ Process,Pre-PQ Process,ARV,112-NG-T01,03-Aug-08,Air,Adult,60,0.03,SCMS from RDC,N/A - From RDC,555
11390,DN-198,Generic,CÃte dIvoire,25-Jun-07,25-Jun-07,300mg,Tablet,Yes,1448,From RDC,"Abacavir 300mg, tablets, 60 Tabs",54.82,957,34260.6,PMO - US,"Aurobindo Unit III, India",Abacavir,35.8,N/A - From RDC,SO-594,Pre-PQ Process,Pre-PQ Process,ARV,104-CI-T01,25-Jun-07,MIssing,Adult,60,0.6,SCMS from RDC,N/A - From RDC,95
12658,DN-189,Generic,Mozambique,20-Jun-07,20-Jun-07,150/200/30mg,Tablet - FDC,Yes,20299,From RDC,"Lamivudine/Nevirapine/Stavudine 150/200/30mg, tablets, 60 Tabs",734.08,62000,458800.0,PMO - US,"Cipla, Goa, India",Lamivudine/Nevirapine/Stavudine,7.4,N/A - From RDC,SO-671,Pre-PQ Process,Pre-PQ Process,ARV,111-MZ-T01,20-Jun-07,Air,Adult,60,0.12,SCMS from RDC,N/A - From RDC,5778
11991,DN-1303,Generic,Uganda,14-Aug-09,14-Aug-09,150/300mg,Tablet - FDC,No,See DN-1303 (ID#:11661),From RDC,"Lamivudine/Zidovudine 150/300mg, tablets, 60 Tabs",191.84,14479,97878.04,PMO - US,"Aurobindo Unit III, India",Lamivudine/Zidovudine,6.76,N/A - From RDC,SO-32120,Pre-PQ Process,Date Not Captured,ARV,114-UG-T01,14-Aug-09,Air,Adult,60,0.11,SCMS from RDC,N/A - From RDC,See DN-1303 (ID#:11661)
11046,DN-1238,Generic,Swaziland,21-May-09,21-May-09,300mg,Tablet,Yes,12798.04,From RDC,"Tenofovir Disoproxil Fumarate 300mg, tablets, 30 Tabs",22.05,1250,11250.0,PMO - US,Mylan (formerly Matrix) Nashik,Tenofovir Disoproxil Fumarate,9.0,N/A - From RDC,SO-30790,Pre-PQ Process,Pre-PQ Process,ARV,100-SZ-T01,21-May-09,Air,Adult,30,0.3,SCMS from RDC,N/A - From RDC,1787
3192,ASN-2293,Generic,South Africa,08-May-08,08-May-08,200mg,Tablet,No,Freight Included in Commodity Cost,Direct Drop,"Nevirapine 200mg, tablets, 60 Tabs",5.07,150,3166.5,PMO - US,"Cipla, Goa, India",Nevirapine,21.11,Date Not Captured,SCMS-23500,Pre-PQ Process,Pre-PQ Process,ARV,116-ZA-T01,20-Aug-08,Truck,Adult,60,0.35,S. BUYS WHOLESALER,DDP,Weight Captured Separately
7122,ASN-2243,Generic,Vietnam,11-Aug-08,11-Aug-08,30mg,Capsule,Yes,7444.35,Direct Drop,"Stavudine 30mg, capsules, 60 Caps",21.52,9275,13448.75,PMO - US,"Strides, Bangalore, India.",Stavudine,1.45,5/13/08,SCMS-23460,Pre-PQ Process,Pre-PQ Process,ARV,108-VN-T01,11-Aug-08,Air,Adult,60,0.02,STRIDES ARCOLAB LIMITED,EXW,432
9280,ASN-123,Generic,Zambia,20-Dec-06,20-Dec-06,150/300mg,Tablet - FDC,No,See ASN-123 (ID#:2685),Direct Drop,"Lamivudine/Zidovudine 150/300mg, tablets, 60 Tabs",MIssing,38534,423874.0,PMO - US,"Aurobindo Unit III, India",Lamivudine/Zidovudine,11.0,Date Not Captured,SCMS-163,Pre-PQ Process,Pre-PQ Process,ARV,110-ZM-T01,20-Dec-06,Air,Adult,60,0.18,Aurobindo Pharma Limited,EXW,See ASN-123 (ID#:2685)
12837,DN-1044,Generic,Zimbabwe,16-Feb-09,16-Feb-09,600mg,Tablet,No,See DN-1044 (ID#:10996),From RDC,"Efavirenz 600mg, tablets, 30 Tabs",94.16,4000,48040.0,PMO - US,"Aurobindo Unit III, India",Efavirenz,12.01,N/A - From RDC,SO-14000,Pre-PQ Process,Pre-PQ Process,ARV,113-ZW-T01,16-Feb-09,Truck,Adult,30,0.4,SCMS from RDC,N/A - From RDC,See DN-1044 (ID#:10996)
12530,DN-1004,Bioline,Pakistan,17-Nov-08,17-Nov-08,MIssing,Test kit,No,See DN-1004 (ID#:11280),From RDC,"HIV 1/2, Bioline 3.0 Kit, Lancets, Capillary pipets, Alcohol swabs included, 25 Tests",0.63,16,320.0,PMO - US,"Standard Diagnostics, Korea","HIV 1/2, Bioline 3.0 Kit, Lancets, Capillary pipets, Alcohol swabs included",20.0,N/A - From RDC,SO-14930,Pre-PQ Process,Pre-PQ Process,HRDT,100-PK-T01,17-Nov-08,Air,HIV test,25,0.8,SCMS from RDC,N/A - From RDC,See DN-1004 (ID#:11280)
11322,DN-1241,Generic,Zambia,10-Jun-09,10-Jun-09,600mg,Tablet,Yes,Freight Included in Commodity Cost,From RDC,"Efavirenz 600mg, tablets, 30 Tabs",1680.58,107180,857440.0,PMO - US,Mylan (formerly Matrix) Nashik,Efavirenz,8.0,N/A - From RDC,SO-30920,Pre-PQ Process,Pre-PQ Process,ARV,110-ZM-T01,10-Jun-09,Truck,Adult,30,0.27,SCMS from RDC,N/A - From RDC,7995
12441,DN-493,Kaletra,Zambia,28-Dec-07,28-Dec-07,80/20mg/ml,Oral solution,Yes,1566.21,From RDC,"Lopinavir/Ritonavir 80/20mg/ml [Kaletra], oral solution, cool, Bottle 5 x 60 ml",49.06,746,30660.6,PMO - US,ABBVIE (Abbott) Logis. UK,Lopinavir/Ritonavir,41.1,N/A - From RDC,SO-628,Pre-PQ Process,Pre-PQ Process,ARV,110-ZM-T01,28-Dec-07,MIssing,Pediatric,300,0.14,SCMS from RDC,N/A - From RDC,88
4649,ASN-2577,Colloidal Gold,Ethiopia,06-Oct-08,06-Oct-08,MIssing,Test kit,Yes,44347.71,Direct Drop,"HIV 1/2, SKB Colloidal Gold, Diagnostic Kit, Antibody, 50 Tests",257.67,7002,161046.0,PMO - US,"KHB Test Kit Facility, Shanghai China","HIV 1/2, Colloidal Gold, Diagnostic Kit, Antibody",23.0,8/22/08,SCMS-28720,Pre-PQ Process,Pre-PQ Process,HRDT,117-ET-T01,06-Oct-08,Air,HIV test,1,23.0,"SHANGHAI KEHUA BIOENGINEERING CO.,LTD.  (KHB)",EXW,5057
10972,DN-634,Generic,Ethiopia,21-Mar-08,21-Mar-08,150/300mg,Tablet - FDC,Yes,32146.52,From RDC,"Lamivudine/Zidovudine 150/300mg, tablets, 60 Tabs",995.96,65524,622478.0,PMO - US,"Aurobindo Unit III, India",Lamivudine/Zidovudine,9.5,N/A - From RDC,SO-1518,Pre-PQ Process,Pre-PQ Process,ARV,117-ET-T01,21-Mar-08,Air,Adult,60,0.16,SCMS from RDC,N/A - From RDC,14599
1251,ASN-91,Videx,Vietnam,16-Nov-06,16-Nov-06,25mg,Chewable/dispersible tablet,Yes,3292.15,Direct Drop,"Didanosine 25mg [Videx], chewable tablets, 60 Tabs",MIssing,2800,19600.0,PMO - US,"BMS Meymac, France",Didanosine,7.0,Date Not Captured,SCMS-12,Pre-PQ Process,Pre-PQ Process,ARV,108-VN-T01,16-Nov-06,Air,Pediatric,60,0.12,BRISTOL-MYERS SQUIBB,CIP,555
7734,ASN-3732,Zerit,South Africa,21-Jan-09,21-Jan-09,1mg/ml,Powder for oral solution,No,Freight Included in Commodity Cost,Direct Drop,"Stavudine 1mg/ml [Zerit], powder for oral solution, Bottle, 200 ml",1.45,650,741.0,PMO - US,"BMS Meymac, France",Stavudine,1.14,Date Not Captured,SCMS-41190,Pre-PQ Process,Pre-PQ Process,ARV,116-ZA-T01,30-Mar-09,Air,Pediatric,200,0.01,S. BUYS WHOLESALER,DDP,Weight Captured Separately
11196,DN-606,Generic,Zambia,20-Feb-08,20-Feb-08,200mg,Capsule,Yes,919.66,From RDC,"Efavirenz 200mg, capsule, 90 Caps",23.04,900,14400.0,PMO - US,"Aurobindo Unit III, India",Efavirenz,16.0,N/A - From RDC,SO-1419,Pre-PQ Process,Pre-PQ Process,ARV,110-ZM-T01,20-Feb-08,Air,Pediatric,90,0.18,SCMS from RDC,N/A - From RDC,109
8462,ASN-2336,Generic,Vietnam,19-Sep-08,19-Sep-08,150mg,Tablet,No,See ASN-2336 (ID#:530),Direct Drop,"Lamivudine 150mg, tablets, 60 Tabs",59.75,14364,37346.4,PMO - US,Mylan (formerly Matrix) Nashik,Lamivudine,2.6,5/14/08,SCMS-23450,Pre-PQ Process,Pre-PQ Process,ARV,108-VN-T01,19-Sep-08,Air,Adult,60,0.04,MYLAN LABORATORIES LTD (FORMERLY MATRIX LABORATORIES),EXW,See ASN-2336 (ID#:530)
11764,DN-317,Generic,Zimbabwe,28-Aug-07,28-Aug-07,200mg,Tablet,Yes,912.45,From RDC,"Nevirapine 200mg, tablets, 60 Tabs",9.57,1629,5978.43,PMO - US,"Aurobindo Unit III, India",Nevirapine,3.67,N/A - From RDC,SO-292,Pre-PQ Process,Pre-PQ Process,ARV,113-ZW-T01,28-Aug-07,MIssing,Adult,60,0.06,SCMS from RDC,N/A - From RDC,152
11999,DN-1374,Generic,Haiti,31-Jul-09,31-Jul-09,15mg,Capsule,Yes,6811.4,From RDC,"Stavudine 15mg, capsules, 60 Caps",0.32,108,162.0,PMO - US,"Aurobindo Unit III, India",Stavudine,1.5,N/A - From RDC,SO-32730,Pre-PQ Process,Date Not Captured,ARV,106-HT-T01,31-Jul-09,Air,Adult,60,0.02,SCMS from RDC,N/A - From RDC,78
12779,DN-735,Generic,CÃte dIvoire,14-May-08,14-May-08,150/200/30mg,Tablet - FDC,Yes,1514.68,From RDC,"Lamivudine/Nevirapine/Stavudine 150/200/30mg, tablets, 60 Tabs",45.55,3847,28467.8,PMO - US,"Cipla, Goa, India",Lamivudine/Nevirapine/Stavudine,7.4,N/A - From RDC,SO-1901,Pre-PQ Process,Pre-PQ Process,ARV,104-CI-T01,14-May-08,Air,Adult,60,0.12,SCMS from RDC,N/A - From RDC,408
12230,DN-1034,Generic,Mozambique,21-Feb-09,21-Feb-09,150/30mg,Tablet - FDC,No,See DN-1034 (ID#:10732),From RDC,"Lamivudine/Stavudine 150/30mg, tablets, 60 Tabs",207.53,27150,105885.0,PMO - US,Mylan (formerly Matrix) Nashik,Lamivudine/Stavudine,3.9,N/A - From RDC,SO-15080,Pre-PQ Process,Pre-PQ Process,ARV,111-MZ-T01,21-Feb-09,Air,Adult,60,0.06,SCMS from RDC,N/A - From RDC,See DN-1034 (ID#:10732)
11290,DN-928,Generic,CÃte dIvoire,07-Oct-08,07-Oct-08,300mg,Tablet,Yes,1793.11,From RDC,"Tenofovir Disoproxil Fumarate 300mg, tablets, 30 Tabs",150.88,5547,94299.0,PMO - US,Mylan (formerly Matrix) Nashik,Tenofovir Disoproxil Fumarate,17.0,N/A - From RDC,SO-1690,Pre-PQ Process,Pre-PQ Process,ARV,104-CI-T01,07-Oct-08,Air,Adult,30,0.57,SCMS from RDC,N/A - From RDC,333
11236,DN-617,Generic,Guyana,21-Feb-08,21-Feb-08,MIssing,Test kit - Ancillary,Yes,798.59,From RDC,"HIV, Lancet, Safety, for HIV Test kits, 100 Pcs",0,152,1.52,PMO - US,Inverness Japan,"HIV, Lancet, Safety, for HIV Test kits, 100 Pcs",0.01,N/A - From RDC,SO-1004,Pre-PQ Process,Pre-PQ Process,HRDT,102-GY-T01,21-Feb-08,MIssing,HIV test - Ancillary,100,0.0,SCMS from RDC,N/A - From RDC,45
4259,ASN-1520,Epivir,South Africa,04-Jan-08,04-Jan-08,10mg/ml,Oral solution,No,Freight Included in Commodity Cost,Direct Drop,"Lamivudine 10mg/ml [Epivir], oral solution, Bottle, 240 ml",3.28,300,2049.0,PMO - US,GSK Mississauga (Canada),Lamivudine,6.83,01-04-08,SCMS-16600,Pre-PQ Process,Pre-PQ Process,ARV,116-ZA-T01,21-Jan-08,MIssing,Pediatric,240,0.03,"JSI R&T INSTITUTE, INC.",DDP,Weight Captured Separately
7007,ASN-1718,Viread,Vietnam,16-Apr-08,16-Apr-08,300mg,Tablet,Yes,1401.49,Direct Drop,"Tenofovir Disoproxil Fumarate 300mg [Viread], tablets, 30 Tabs",65.15,1968,40717.92,PMO - US,Gilead(Nycomed) Oranienburg DE,Tenofovir Disoproxil Fumarate,20.69,3/21/08,SCMS-19630,Pre-PQ Process,Pre-PQ Process,ARV,108-VN-T01,12-May-08,Truck,Adult,30,0.69,CENTRAL PHARMACEUTICAL COMPANY NO. 1,DDU,Weight Captured Separately
5510,ASN-1251,Videx EC,South Africa,29-Jan-08,29-Jan-08,250mg,Delayed-release capsules - blister,No,Freight Included in Commodity Cost,Direct Drop,"Didanosine EC 250mg [Videx EC], delayed-release capsules, Blister 3 x 10 Caps",3.53,100,2208.0,PMO - US,"BMS Meymac, France",Didanosine EC,22.08,11-12-07,SCMS-14050,Pre-PQ Process,Pre-PQ Process,ARV,116-ZA-T01,29-Jan-08,MIssing,Adult,30,0.74,"JSI R&T INSTITUTE, INC.",DDP,Weight Captured Separately
1357,ASN-744,Generic,Vietnam,02-Oct-07,02-Oct-07,10mg/ml,Oral solution,No,See ASN-744 (ID#:1356),Direct Drop,"Zidovudine 10mg/ml, oral solution, Bottle, 240 ml",3.36,1000,2100.0,PMO - US,"Aurobindo Unit III, India",Zidovudine,2.1,07-03-07,SCMS-749,Pre-PQ Process,Pre-PQ Process,ARV,108-VN-T01,02-Oct-07,Air,Pediatric,240,0.01,Aurobindo Pharma Limited,EXW,See ASN-744 (ID#:1356)
11387,DN-193,Generic,CÃte dIvoire,28-Jun-07,28-Jun-07,15mg,Capsule,Yes,1619,From RDC,"Stavudine 15mg, capsules, 60 Caps",1.38,401,862.15,PMO - US,"Aurobindo Unit III, India",Stavudine,2.15,N/A - From RDC,SO-585,Pre-PQ Process,Pre-PQ Process,ARV,104-CI-T01,28-Jun-07,MIssing,Adult,60,0.04,SCMS from RDC,N/A - From RDC,235
12541,DN-1087,Generic,CÃte dIvoire,02-Mar-09,02-Mar-09,200mg,Tablet,Yes,5574.06,From RDC,"Nevirapine 200mg, tablets, 60 Tabs",132.69,22566,67698.0,PMO - US,"Aurobindo Unit III, India",Nevirapine,3.0,N/A - From RDC,SO-21870,Pre-PQ Process,Pre-PQ Process,ARV,104-CI-T01,02-Mar-09,Air,Adult,60,0.05,SCMS from RDC,N/A - From RDC,2113
2499,ASN-3984,Aluvia,Nigeria,20-May-09,20-May-09,200/50mg,Tablet,Yes,1332.43,Direct Drop,"Lopinavir/Ritonavir 200/50mg [Aluvia], tablets, 120 Tabs",5.88,73,3000.3,PMO - US,ABBVIE Ludwigshafen Germany,Lopinavir/Ritonavir,41.1,04-01-09,SCMS-42830,Pre-PQ Process,Pre-PQ Process,ARV,112-NG-T01,20-May-09,Air,Adult,120,0.34,ABBVIE LOGISTICS (FORMERLY ABBOTT LOGISTICS BV),FCA,69
12857,DN-852,Generic,Tanzania,22-Aug-08,22-Aug-08,150/300mg,Tablet - FDC,Yes,5367.09,From RDC,"Lamivudine/Zidovudine 150/300mg, tablets, 60 Tabs",1155.58,76427,722235.15,PMO - US,"Aurobindo Unit III, India",Lamivudine/Zidovudine,9.45,N/A - From RDC,SO-11860,Pre-PQ Process,Pre-PQ Process,ARV,109-TZ-T01,22-Aug-08,Air,Adult,60,0.16,SCMS from RDC,N/A - From RDC,7017
11910,DN-888,Generic,Nigeria,31-Aug-08,31-Aug-08,150/300mg,Tablet - FDC,Yes,1151.48,From RDC,"Lamivudine/Zidovudine 150/300mg, tablets, 60 Tabs",14.97,1001,9359.35,PMO - US,Mylan (formerly Matrix) Nashik,Lamivudine/Zidovudine,9.35,N/A - From RDC,SO-2727,Pre-PQ Process,Pre-PQ Process,ARV,112-NG-T01,31-Aug-08,Air,Adult,60,0.16,SCMS from RDC,N/A - From RDC,82
11473,DN-385,Generic,CÃte dIvoire,22-Oct-07,22-Oct-07,MIssing,Test kit - Ancillary,No,See DN-385 (ID#:11186),From RDC,"HIV, Lancet, Safety, for HIV Test kits, 100 Pcs",0.01,595,5.95,PMO - US,Inverness Japan,"HIV, Lancet, Safety, for HIV Test kits, 100 Pcs",0.01,N/A - From RDC,SO-1113,Pre-PQ Process,Pre-PQ Process,HRDT,104-CI-T01,22-Oct-07,Air,HIV test - Ancillary,100,0.0,SCMS from RDC,N/A - From RDC,See DN-385 (ID#:11186)
7968,ASN-130,Crixivan,Zambia,08-Jan-07,08-Jan-07,400mg,Capsule,No,Freight Included in Commodity Cost,Direct Drop,"Indinavir 400mg [Crixivan], capsules, 180 Caps",MIssing,1307,64461.24,PMO - US,MSD Elkton USA,Indinavir,49.32,Date Not Captured,SCMS-139,Pre-PQ Process,Pre-PQ Process,ARV,110-ZM-T01,08-Jan-07,Air,Adult,180,0.27,MERCK SHARP & DOHME IDEA GMBH (FORMALLY MERCK SHARP & DOHME B.V.),DDU,Weight Captured Separately
12838,DN-850,Generic,Mozambique,05-Sep-08,05-Sep-08,150/30mg,Tablet - FDC,No,See DN-850 (ID#:10733),From RDC,"Lamivudine/Stavudine 150/30mg, tablets, 60 Tabs",74.76,11980,46722.0,PMO - US,Mylan (formerly Matrix) Nashik,Lamivudine/Stavudine,3.9,N/A - From RDC,SO-2424,Pre-PQ Process,Pre-PQ Process,ARV,111-MZ-T01,05-Sep-08,Air,Adult,60,0.06,SCMS from RDC,N/A - From RDC,See DN-850 (ID#:10733)
1215,ASN-4311,Uni-Gold,Namibia,29-Jun-09,29-Jun-09,MIssing,Test kit,Yes,1736.18,Direct Drop,"HIV 1/2, Uni-Gold HIV Kit, 20 Tests",13.8,220,7040.0,PMO - US,"Trinity Biotech, Plc","HIV 1/2, Uni-Gold HIV Kit",32.0,06-02-09,SCMS-46820,Pre-PQ Process,Pre-PQ Process,HRDT,119-NA-T01,29-Jun-09,Air,HIV test,20,1.6,"Trinity Biotech, Plc",EXW,79
5032,ASN-3607,Generic,South Africa,28-Nov-08,28-Nov-08,600mg,Tablet,No,Freight Included in Commodity Cost,Direct Drop,"Efavirenz 600mg, tablets, 30 Tabs",221.58,7000,113050.0,PMO - US,"Aurobindo Unit III, India",Efavirenz,16.15,Date Not Captured,SCMS-40780,Pre-PQ Process,Pre-PQ Process,ARV,116-ZA-T01,17-Mar-09,Air,Adult,30,0.54,S. BUYS WHOLESALER,DDP,Weight Captured Separately
6561,ASN-4822,Kaletra,South Africa,05-Aug-09,05-Aug-09,80/20mg/ml,Oral solution,Yes,Freight Included in Commodity Cost,Direct Drop,"Lopinavir/Ritonavir 80/20mg/ml [Kaletra], oral solution, cool, Bottle 5 x 60 ml",4.11,50,2099.0,PMO - US,ABBVIE (Abbott) Logis. UK,Lopinavir/Ritonavir,41.98,06-05-09,SCMS-46970,Pre-PQ Process,Pre-PQ Process,ARV,116-ZA-T01,28-Jul-09,Truck,Pediatric,300,0.14,S. BUYS WHOLESALER,DDP,Weight Captured Separately
12429,DN-608,Generic,Zambia,10-Apr-08,10-Apr-08,600mg,Tablet,Yes,7836.6,From RDC,"Efavirenz 600mg, tablets, 30 Tabs",503.52,25338,314697.96,PMO - US,Mylan (formerly Matrix) Nashik,Efavirenz,12.42,N/A - From RDC,SO-1653,Pre-PQ Process,Pre-PQ Process,ARV,110-ZM-T01,10-Apr-08,Air,Adult,30,0.41,SCMS from RDC,N/A - From RDC,1974
11079,DN-1615,Generic,Nigeria,22-Jan-10,22-Jan-10,200/300mg,Tablet - FDC,Yes,19480.97,From RDC,"Emtricitabine/Tenofovir Disoproxil Fumarate 200/300mg, tablets, 30 Tabs",0.13,5,58.75,PMO - US,Mylan (formerly Matrix) Nashik,Emtricitabine/Tenofovir Disoproxil Fumarate,11.75,N/A - From RDC,SO-35330,Pre-PQ Process,Date Not Captured,ARV,151-NG-T30,19-Feb-10,Air,Adult,30,0.39,SCMS from RDC,N/A - From RDC,1
11309,DN-915,Aluvia,Uganda,08-Oct-08,08-Oct-08,200/50mg,Tablet,Yes,418.75,From RDC,"Lopinavir/Ritonavir 200/50mg [Aluvia], tablets, 120 Tabs",5.26,80,3288.0,PMO - US,ABBVIE Ludwigshafen Germany,Lopinavir/Ritonavir,41.1,N/A - From RDC,SO-2676,Pre-PQ Process,Pre-PQ Process,ARV,114-UG-T01,08-Oct-08,Air,Adult,120,0.34,SCMS from RDC,N/A - From RDC,18
11656,DN-1289,Generic,Zimbabwe,22-Jun-09,22-Jun-09,150/30mg,Tablet - FDC,No,See DN-1289 (ID#:11332),From RDC,"Lamivudine/Stavudine 150/30mg, tablets, 60 Tabs",31.36,4000,16000.0,PMO - US,"Cipla, Goa, India",Lamivudine/Stavudine,4.0,N/A - From RDC,SO-21010,Pre-PQ Process,Pre-PQ Process,ARV,113-ZW-T01,22-Jun-09,Truck,Adult,60,0.07,SCMS from RDC,N/A - From RDC,See DN-1289 (ID#:11332)
2588,ASN-4709,Videx,Vietnam,19-Aug-09,19-Aug-09,25mg,Chewable/dispersible tablet,Yes,Freight Included in Commodity Cost,Direct Drop,"Didanosine 25mg [Videx], chewable tablets, 60 Tabs",1.65,120,840.0,PMO - US,"BMS Meymac, France",Didanosine,7.0,5/27/09,SCMS-46560,Pre-PQ Process,Pre-PQ Process,ARV,108-VN-T01,19-Aug-09,Air,Pediatric,60,0.12,BRISTOL-MYERS SQUIBB,CIP,Weight Captured Separately
11750,DN-254,Uni-Gold,Zambia,27-Jul-07,27-Jul-07,MIssing,Test kit,Yes,5234.8,From RDC,"HIV 1/2, Uni-Gold HIV Kit, 20 Tests",125.59,2453,78496.0,PMO - US,"Trinity Biotech, Plc","HIV 1/2, Uni-Gold HIV Kit",32.0,N/A - From RDC,SO-538,Pre-PQ Process,Pre-PQ Process,HRDT,110-ZM-T01,27-Jul-07,MIssing,HIV test,20,1.6,SCMS from RDC,N/A - From RDC,821
4456,ASN-2486,Generic,Vietnam,11-Oct-08,11-Oct-08,150/200/30mg,Tablet - FDC,Yes,5412.14,Direct Drop,"Lamivudine/Nevirapine/Stavudine 150/200/30mg, tablets, 60 Tabs",181.86,15360,113664.0,PMO - US,"Cipla, Goa, India",Lamivudine/Nevirapine/Stavudine,7.4,5/14/08,SCMS-23310,Pre-PQ Process,Pre-PQ Process,ARV,108-VN-T01,11-Oct-08,Air,Adult,60,0.12,CIPLA LIMITED,EXW,1360
4567,ASN-2727,Videx EC,Tanzania,03-Nov-08,03-Nov-08,400mg,Delayed-release capsules - blister,Yes,Freight Included in Commodity Cost,Direct Drop,"Didanosine EC 400mg [Videx EC], delayed-release capsules, Blister 3 x 10 Caps",120.48,2597,61470.99,PMO - US,"BMS Meymac, France",Didanosine EC,23.67,5/15/08,SCMS-23611,Pre-PQ Process,Pre-PQ Process,ARV,109-TZ-T01,03-Nov-08,Air,Adult,30,0.79,BRISTOL-MYERS SQUIBB,CIP,Weight Captured Separately
12077,DN-242,Generic,CÃte dIvoire,21-Aug-07,21-Aug-07,15mg,Capsule,Yes,4200.78,From RDC,"Stavudine 15mg, capsules, 60 Caps",3.99,1161,2496.15,PMO - US,"Aurobindo Unit III, India",Stavudine,2.15,N/A - From RDC,SO-774,Pre-PQ Process,Pre-PQ Process,ARV,104-CI-T01,21-Aug-07,Air,Adult,60,0.04,SCMS from RDC,N/A - From RDC,399
9749,ASN-2490,Aluvia,Vietnam,16-Nov-08,16-Nov-08,200/50mg,Tablet,Yes,2652.33,Direct Drop,"Lopinavir/Ritonavir 200/50mg [Aluvia], tablets, 120 Tabs",194.65,1480,121656.0,PMO - US,ABBVIE Ludwigshafen Germany,Lopinavir/Ritonavir,82.2,5/15/08,SCMS-23360,Pre-PQ Process,Pre-PQ Process,ARV,108-VN-T01,16-Nov-08,Air,Adult,120,0.68,ABBVIE LOGISTICS (FORMERLY ABBOTT LOGISTICS BV),FCA,370
10754,DN-868,Generic,Tanzania,22-Aug-08,22-Aug-08,600mg,Tablet,Yes,9330,From RDC,"Efavirenz 600mg, tablets, 30 Tabs",2786.32,145000,1741450.0,PMO - US,Mylan (formerly Matrix) Nashik,Efavirenz,12.01,N/A - From RDC,SO-11820,Pre-PQ Process,Pre-PQ Process,ARV,109-TZ-T01,22-Aug-08,Air,Adult,30,0.4,SCMS from RDC,N/A - From RDC,11186
4949,ASN-4381,Aluvia,Tanzania,11-Aug-09,11-Aug-09,200/50mg,Tablet,Yes,12620.12,Direct Drop,"Lopinavir/Ritonavir 200/50mg [Aluvia], tablets, 120 Tabs",860.34,10680,438948.0,PMO - US,ABBVIE Ludwigshafen Germany,Lopinavir/Ritonavir,41.1,02-05-09,SCMS-38410,Pre-PQ Process,Pre-PQ Process,ARV,109-TZ-T01,11-Aug-09,Air,Adult,120,0.34,ABBVIE LOGISTICS (FORMERLY ABBOTT LOGISTICS BV),FCA,2724
9536,ASN-1319,Capillus,Haiti,18-Feb-08,18-Feb-08,MIssing,Test kit,Yes,Invoiced Separately,Direct Drop,"HIV 1/2, Capillus HIV Kit, 100 Tests",0.44,2,278.0,PMO - US,"Trinity Biotech, Plc","HIV 1/2, Capillus HIV Kit",139.0,01-03-08,SCMS-15870,Pre-PQ Process,Pre-PQ Process,HRDT,100-HT-T01,18-Feb-08,Air,HIV test,100,1.39,"Trinity Biotech, Plc",EXW,Weight Captured Separately
11464,DN-375,Determine,Mozambique,31-Oct-07,31-Oct-07,MIssing,Test kit,Yes,1871.05,From RDC,"HIV 1/2, Determine Complete HIV Kit, 100 Tests",460.8,4000,288000.0,PMO - US,ABBVIE GmbH & Co.KG Wiesbaden,"HIV 1/2, Determine Complete HIV Kit",72.0,N/A - From RDC,SO-1110,Pre-PQ Process,Pre-PQ Process,HRDT,111-MZ-T01,31-Oct-07,Air,HIV test,100,0.72,SCMS from RDC,N/A - From RDC,2526
12459,DN-555,Generic,Zambia,25-Jan-08,25-Jan-08,600mg,Tablet,Yes,4428.75,From RDC,"Efavirenz 600mg, tablets, 30 Tabs",287.45,14465,179655.3,PMO - US,Mylan (formerly Matrix) Nashik,Efavirenz,12.42,N/A - From RDC,SO-1035,Pre-PQ Process,Pre-PQ Process,ARV,110-ZM-T01,25-Jan-08,MIssing,Adult,30,0.41,SCMS from RDC,N/A - From RDC,1135
8909,ASN-3424,OraQuick,Botswana,03-Mar-09,03-Mar-09,MIssing,Test kit,Yes,810.85,Direct Drop,"HIV 1/2, OraQuick Advance HIV Rapid Antibody Kit, 100 Tests",3.43,5,1750.0,PMO - US,"Pacific Biotech, Thailand","HIV 1/2, OraQuick Advance HIV Rapid Antibody Kit",350.0,02-06-09,SCMS-38050,Pre-PQ Process,Pre-PQ Process,HRDT,144-BW-T01,03-Mar-09,Air,HIV test,100,3.5,Orasure Technologies Inc.,EXW,12
12854,DN-861,Generic,Zambia,20-Aug-08,20-Aug-08,600mg,Tablet,No,See DN-861 (ID#:11013),From RDC,"Efavirenz 600mg, tablets, 30 Tabs",960.8,50000,600500.0,PMO - US,Mylan (formerly Matrix) Nashik,Efavirenz,12.01,N/A - From RDC,SO-2479,Pre-PQ Process,Pre-PQ Process,ARV,110-ZM-T01,20-Aug-08,Truck,Adult,30,0.4,SCMS from RDC,N/A - From RDC,See DN-861 (ID#:11013)
1347,ASN-622,Determine,Nigeria,07-Sep-07,07-Sep-07,MIssing,Test kit,Yes,5858.57,Direct Drop,"HIV 1/2, Determine Complete HIV Kit, 100 Tests",448,3500,280000.0,PMO - US,ABBVIE GmbH & Co.KG Wiesbaden,"HIV 1/2, Determine Complete HIV Kit",80.0,Date Not Captured,SCMS-695,Pre-PQ Process,Pre-PQ Process,HRDT,102-NG-T01,07-Sep-07,Air,HIV test,100,0.8,Abbott GmbH & Co. KG,EXW,1194
10588,DN-323,Crixivan,CÃte dIvoire,14-Sep-07,14-Sep-07,400mg,Capsule,Yes,7629.94,From RDC,"Indinavir 400mg [Crixivan], capsules, 180 Caps",86.08,1076,53800.0,PMO - US,MSD Elkton USA,Indinavir,50.0,N/A - From RDC,SO-963,Pre-PQ Process,Pre-PQ Process,ARV,104-CI-T01,14-Sep-07,MIssing,Adult,180,0.28,SCMS from RDC,N/A - From RDC,1286
11128,DN-205,Generic,Zambia,20-Jun-07,20-Jun-07,150/300mg,Tablet - FDC,Yes,25729.7,From RDC,"Lamivudine/Zidovudine 150/300mg, tablets, 60 Tabs",1088.47,66370,680292.5,PMO - US,"Aurobindo Unit III, India",Lamivudine/Zidovudine,10.25,N/A - From RDC,SO-209,Pre-PQ Process,Pre-PQ Process,ARV,110-ZM-T01,20-Jun-07,MIssing,Adult,60,0.17,SCMS from RDC,N/A - From RDC,6243
12368,DN-157,Uni-Gold,Ethiopia,24-May-07,24-May-07,MIssing,Test kit,No,See DN-157 (ID#:11403),From RDC,"HIV 1/2, Uni-Gold HIV Kit, 20 Tests",MIssing,200,6400.0,PMO - US,"Trinity Biotech, Plc","HIV 1/2, Uni-Gold HIV Kit",32.0,N/A - From RDC,SO-582,Pre-PQ Process,Pre-PQ Process,HRDT,117-ET-T01,24-May-07,MIssing,HIV test,20,1.6,SCMS from RDC,N/A - From RDC,See DN-157 (ID#:11403)
12281,DN-1225,Generic,Uganda,22-May-09,22-May-09,30mg,Capsule,Yes,526.41,From RDC,"Stavudine 30mg, capsules, 60 Caps",0.18,60,89.4,PMO - US,"Aurobindo Unit III, India",Stavudine,1.49,N/A - From RDC,SO-26160,Pre-PQ Process,Pre-PQ Process,ARV,114-UG-T01,22-May-09,Air,Adult,60,0.02,SCMS from RDC,N/A - From RDC,4
2602,ASN-4820,Zerit,South Africa,21-Jul-09,21-Jul-09,20mg,Capsule,Yes,Freight Included in Commodity Cost,Direct Drop,"Stavudine 20mg [Zerit], capsules, 60 Caps",2.89,320,1475.2,PMO - US,"BMS Meymac, France",Stavudine,4.61,06-05-09,SCMS-47090,Pre-PQ Process,Pre-PQ Process,ARV,116-ZA-T01,21-Jul-09,Truck,Adult,60,0.08,S. BUYS WHOLESALER,DDP,Weight Captured Separately
12030,DN-41,Generic,Zambia,29-Mar-07,29-Mar-07,300mg,Tablet,Yes,7441.23,From RDC,"Abacavir 300mg, tablets, 60 Tabs",MIssing,3334,118357.0,PMO - US,"Aurobindo Unit III, India",Abacavir,35.5,N/A - From RDC,SO-229,Pre-PQ Process,Pre-PQ Process,ARV,110-ZM-T01,29-Mar-07,MIssing,Adult,60,0.59,SCMS from RDC,N/A - From RDC,161
10804,DN-15,Invirase,Mozambique,01-Feb-07,01-Feb-07,200mg,Capsule,Yes,939.08,From RDC,"Saquinavir 200mg [Invirase], capsules, 270 Caps",MIssing,117,9117.81,PMO - US,Roche Basel,Saquinavir,77.93,N/A - From RDC,SO-323,Pre-PQ Process,Pre-PQ Process,ARV,111-MZ-T01,01-Feb-07,Air,Adult,270,0.29,SCMS from RDC,N/A - From RDC,155
12315,DN-1406,Generic,Zambia,22-Sep-09,22-Sep-09,300/300mg,Tablet - FDC,Yes,6759.28,From RDC,"Lamivudine/Tenofovir Disoproxil Fumarate 300/300mg, tablets, 30 Tabs",2075.82,92095,1059092.5,PMO - US,Mylan (formerly Matrix) Nashik,Lamivudine/Tenofovir Disoproxil Fumarate,11.5,N/A - From RDC,SO-29090,Pre-PQ Process,Date Not Captured,ARV,110-ZM-T01,22-Sep-09,Truck,Adult,30,0.38,SCMS from RDC,N/A - From RDC,7686
10640,DN-445,Generic,Haiti,22-Jan-08,22-Jan-08,10mg/ml,Oral solution,Yes,38515.8,From RDC,"Lamivudine 10mg/ml, oral solution, Bottle, 240 ml",6.3,2000,3940.0,PMO - US,"Aurobindo Unit III, India",Lamivudine,1.97,N/A - From RDC,SO-1288,Pre-PQ Process,Pre-PQ Process,ARV,106-HT-T01,22-Jan-08,Air,Pediatric,240,0.01,SCMS from RDC,N/A - From RDC,4213
11757,DN-314,Stocrin/Sustiva,CÃte dIvoire,24-Aug-07,24-Aug-07,50mg,Capsule,Yes,1786,From RDC,"Efavirenz 50mg [Stocrin/Sustiva], capsule, 30 Caps",2.69,485,1682.95,PMO - US,"MSD, Haarlem, NL",Efavirenz,3.47,N/A - From RDC,SO-589,Pre-PQ Process,Pre-PQ Process,ARV,104-CI-T01,24-Aug-07,MIssing,Pediatric,30,0.12,SCMS from RDC,N/A - From RDC,285
10746,DN-1066,Generic,Nigeria,09-Feb-09,09-Feb-09,150/200/30mg,Tablet - FDC,Yes,3852.55,From RDC,"Lamivudine/Nevirapine/Stavudine 150/200/30mg, tablets, 60 Tabs",75.67,5217,38605.8,PMO - US,"Cipla, Goa, India",Lamivudine/Nevirapine/Stavudine,7.4,N/A - From RDC,SO-22550,Pre-PQ Process,Pre-PQ Process,ARV,112-NG-T01,09-Feb-09,Air,Adult,60,0.12,SCMS from RDC,N/A - From RDC,563
11850,DN-542,Generic,Ethiopia,29-Jan-08,29-Jan-08,200mg,Tablet,Yes,17975.21,From RDC,"Nevirapine 200mg, tablets, 60 Tabs",302.25,55560,188904.0,PMO - US,"Aurobindo Unit III, India",Nevirapine,3.4,N/A - From RDC,SO-1528,Pre-PQ Process,Pre-PQ Process,ARV,117-ET-T01,29-Jan-08,Air,Adult,60,0.06,SCMS from RDC,N/A - From RDC,5181
12866,DN-1140,Generic,Nigeria,19-Mar-09,19-Mar-09,150/300/200mg,Tablet - FDC,Yes,11492.86,From RDC,"Lamivudine/Nevirapine/Zidovudine 150/200/300mg, tablets, 60 Tabs",1515.86,67842,773398.8,PMO - US,"Aurobindo Unit III, India",Lamivudine/Nevirapine/Zidovudine,11.4,N/A - From RDC,SO-21806,Pre-PQ Process,Pre-PQ Process,ARV,151-NG-T01,19-Mar-09,Air Charter,Adult,60,0.19,SCMS from RDC,N/A - From RDC,7627
11597,DN-1034,Generic,Mozambique,21-Feb-09,21-Feb-09,200mg,Tablet,No,See DN-1034 (ID#:10732),From RDC,"Nevirapine 200mg, tablets, 60 Tabs",45.82,7306,23379.2,PMO - US,Hetero Unit III Hyderabad IN,Nevirapine,3.2,N/A - From RDC,SO-15080,Pre-PQ Process,Pre-PQ Process,ARV,111-MZ-T01,21-Feb-09,Air,Adult,60,0.05,SCMS from RDC,N/A - From RDC,See DN-1034 (ID#:10732)
12062,DN-148,Generic,Mozambique,13-Jun-07,13-Jun-07,150/300/200mg,Tablet - FDC,No,See DN-148 (ID#:10564),From RDC,"Lamivudine/Nevirapine/Zidovudine 150/200/300mg, tablets, 60 Tabs",MIssing,29959,524282.5,PMO - US,"Aurobindo Unit III, India",Lamivudine/Nevirapine/Zidovudine,17.5,N/A - From RDC,SO-576,Pre-PQ Process,Pre-PQ Process,ARV,111-MZ-T01,13-Jun-07,Air,Adult,60,0.29,SCMS from RDC,N/A - From RDC,See DN-148 (ID#:10564)
11313,DN-1201,Generic,Nigeria,08-May-09,08-May-09,150/300/200mg,Tablet - FDC,Yes,15128.37,From RDC,"Lamivudine/Nevirapine/Zidovudine 150/200/300mg, tablets, 60 Tabs",1199.22,53671,611849.4,PMO - US,"Aurobindo Unit III, India",Lamivudine/Nevirapine/Zidovudine,11.4,N/A - From RDC,SO-22526,Pre-PQ Process,Pre-PQ Process,ARV,151-NG-T01,08-May-09,Air Charter,Adult,60,0.19,SCMS from RDC,N/A - From RDC,6024
4312,ASN-2006,Uni-Gold,Guyana,21-Jul-08,21-Jul-08,MIssing,Test kit,Yes,4717.51,Direct Drop,"HIV 1/2, Uni-Gold HIV Kit, 20 Tests",54.37,1062,33984.0,PMO - US,"Trinity Biotech, Plc","HIV 1/2, Uni-Gold HIV Kit",32.0,2/28/08,SCMS-18510,Pre-PQ Process,Pre-PQ Process,HRDT,102-GY-T01,21-Jul-08,Air,HIV test,20,1.6,"Trinity Biotech, Plc",EXW,362
12498,DN-720,Generic,Ethiopia,21-Apr-08,21-Apr-08,1mg/ml,Oral solution,Yes,1850.7,From RDC,"Stavudine 1mg/ml, powder for oral solution, 200 ml",6.72,3000,4200.0,PMO - US,"Aurobindo Unit III, India",Stavudine,1.4,N/A - From RDC,SO-2358,Pre-PQ Process,Pre-PQ Process,ARV,117-ET-T01,21-Apr-08,Air,Pediatric,200,0.01,SCMS from RDC,N/A - From RDC,342
8316,ASN-3024,Stat-Pak,CÃte dIvoire,18-Feb-09,18-Feb-09,MIssing,Test kit,Yes,1550.95,Direct Drop,"HIV 1/2, Stat-Pak HIV, Kit, 20 Tests",15.29,289,7803.0,PMO - US,Chembio Diagnostics Sys. Inc.,"HIV 1/2, Stat-Pak HIV, Kit",27.0,2/27/08,SCMS-18330,Pre-PQ Process,Pre-PQ Process,HRDT,104-CI-T01,18-Feb-09,Air,HIV test,20,1.35,"CHEMBIO DIAGNOSTIC SYSTEMS, INC.",EXW,84
5917,ASN-2554,Generic,Nigeria,09-Oct-08,09-Oct-08,500/25mg,Tablet - FDC,Yes,4404.9,Direct Drop,"Sulfadoxine/Pyrimethamine 500/25mg, tablets, 1000 Tabs",0.3,7,184.45,PMO - US,"Micro Labs Ltd. (Brown & Burk), India",Sulfadoxine/Pyrimethamine,26.35,7/15/08,SCMS-26840,Pre-PQ Process,Pre-PQ Process,ANTM,130-NG-T01,09-Oct-08,Air,Malaria,1000,0.03,IDA FOUNDATION,EXW,488
12808,DN-683,Generic,Uganda,17-Apr-08,17-Apr-08,10mg/ml,Oral suspension,Yes,740.34,From RDC,"Nevirapine 10mg/ml, oral suspension, Bottle, 240 ml",0.39,127,243.84,PMO - US,"Aurobindo Unit III, India",Nevirapine,1.92,N/A - From RDC,SO-1995,Pre-PQ Process,Pre-PQ Process,ARV,114-UG-T01,17-Apr-08,Air,Pediatric,240,0.01,SCMS from RDC,N/A - From RDC,46
12772,DN-581,Generic,CÃte dIvoire,05-Feb-08,05-Feb-08,300mg,Tablet,No,See DN-581 (ID#:10667),From RDC,"Abacavir 300mg, tablets, 60 Tabs",257.06,5836,160665.08,PMO - US,"Aurobindo Unit III, India",Abacavir,27.53,N/A - From RDC,SO-1679,Pre-PQ Process,Pre-PQ Process,ARV,104-CI-T01,05-Feb-08,Air,Adult,60,0.46,SCMS from RDC,N/A - From RDC,See DN-581 (ID#:10667)
1645,ASN-2887,Determine,CÃte dIvoire,19-Dec-08,19-Dec-08,MIssing,Test kit,Yes,7118.12,Direct Drop,"HIV 1/2, Determine HIV Kit, without Lancets, 100 Tests",153.12,1116,78120.0,PMO - US,Inverness Japan,"HIV 1/2, Determine HIV Kit, without Lancets",70.0,2/29/08,SCMS-18470,Pre-PQ Process,Pre-PQ Process,HRDT,104-CI-T01,19-Dec-08,Air,HIV test,100,0.7,"Orgenics, Ltd",EXW,256
10679,DN-829,Bioline,Kenya,31-Mar-08,31-Mar-08,MIssing,Test kit,Yes,99,From RDC,"HIV, Bioline HIV 1/2 3.0 Kit, [DON] 25 Tests",0,3,0.03,PMO - US,"Standard Diagnostics, Korea","HIV, Bioline HIV 1/2 3.0 Kit",0.01,N/A - From RDC,SO-1740,Pre-PQ Process,Pre-PQ Process,HRDT,102-KE-T01,31-Mar-08,Truck,HIV test,25,0.0,SCMS from RDC,N/A - From RDC,3
12573,DN-1212,Generic,Nigeria,08-May-09,08-May-09,300/300mg,Tablet - FDC,Yes,15128.37,From RDC,"Lamivudine/Tenofovir Disoproxil Fumarate 300/300mg, tablets, 30 Tabs",540.76,23991,275896.5,PMO - US,Mylan (formerly Matrix) Nashik,Lamivudine/Tenofovir Disoproxil Fumarate,11.5,N/A - From RDC,SO-26250,Pre-PQ Process,Pre-PQ Process,ARV,126-NG-T01,08-May-09,Air Charter,Adult,30,0.38,SCMS from RDC,N/A - From RDC,2096
10960,DN-663,Generic,Tanzania,23-Apr-08,23-Apr-08,150/300mg,Tablet - FDC,Yes,16430.72,From RDC,"Lamivudine/Zidovudine 150/300mg, tablets, 60 Tabs",780.73,51364,487958.0,PMO - US,"Aurobindo Unit III, India",Lamivudine/Zidovudine,9.5,N/A - From RDC,SO-1695,Pre-PQ Process,Pre-PQ Process,ARV,109-TZ-T01,22-Apr-08,MIssing,Adult,60,0.16,SCMS from RDC,N/A - From RDC,5372
12432,DN-434,Generic,CÃte dIvoire,22-Nov-07,22-Nov-07,200mg,Chewable/dispersible tablet,No,See DN-434 (ID#:11483),From RDC,"Didanosine 200mg, chewable/dispersible tablets, 60 Tabs",475.3,7744,297059.84,PMO - US,"Aurobindo Unit III, India",Didanosine,38.36,N/A - From RDC,SO-1101,Pre-PQ Process,Pre-PQ Process,ARV,104-CI-T01,22-Nov-07,Air,Pediatric,60,0.64,SCMS from RDC,N/A - From RDC,See DN-434 (ID#:11483)
11078,DN-1529,Generic,Mozambique,23-Feb-10,23-Feb-10,200mg,Tablet,Yes,1380.45,From RDC,"Nevirapine 200mg, tablets, 60 Tabs",12.34,1788,5721.6,PMO - US,"Cipla, Goa, India",Nevirapine,3.2,N/A - From RDC,SO-33430,Pre-PQ Process,Date Not Captured,ARV,111-MZ-T01,23-Feb-10,Air,Adult,60,0.05,SCMS from RDC,N/A - From RDC,205
11907,DN-859,Stocrin/Sustiva,Haiti,07-Aug-08,07-Aug-08,30mg/ml,Oral solution,Yes,8762.02,From RDC,"Efavirenz 30mg/ml [Stocrin/Sustiva], oral solution, Bottle, 180 ml",4.07,150,2544.0,PMO - US,"MSD, Haarlem, NL",Efavirenz,16.96,N/A - From RDC,SO-12150,Pre-PQ Process,Pre-PQ Process,ARV,106-HT-T01,07-Aug-08,Air,Pediatric,180,0.09,SCMS from RDC,N/A - From RDC,702
10798,DN-1470,Generic,Tanzania,26-Oct-09,26-Oct-09,300mg,Tablet,Yes,2217.5,From RDC,"Abacavir 300mg, tablets, 60 Tabs",344.93,6915,175986.75,PMO - US,"Aurobindo Unit III, India",Abacavir,25.45,N/A - From RDC,SO-31283,Pre-PQ Process,Date Not Captured,ARV,109-TZ-T01,26-Oct-09,Truck,Adult,60,0.42,SCMS from RDC,N/A - From RDC,1067
9804,ASN-2218,Generic,Ethiopia,13-Aug-08,13-Aug-08,15mg,Tablet,Yes,399.18,Direct Drop,"Primaquine 15mg base (as diphosphate), tablets, 1000 Tabs",2.3,32,1434.88,PMO - US,"Weifa A.S., Hausmanngt. 6, P.O. Box 9113 GrÃƒÂ¸nland, 0133, Oslo, Norway",Primaquine base (as diphosphate),44.84,06-10-08,SCMS-24890,Pre-PQ Process,Pre-PQ Process,ANTM,117-ET-T01,13-Aug-08,Air,Malaria,1000,0.04,MISSIONPHARMA A/S,EXW,7
12428,DN-423,Invirase,CÃte dIvoire,13-Nov-07,13-Nov-07,200mg,Capsule,No,See DN-423 (ID#:11194),From RDC,"Saquinavir 200mg [Invirase], capsules, 270 Caps",2.89,23,1808.72,PMO - US,Roche Basel,Saquinavir,78.64,N/A - From RDC,SO-1245,Pre-PQ Process,Pre-PQ Process,ARV,104-CI-T01,13-Nov-07,Air,Adult,270,0.29,SCMS from RDC,N/A - From RDC,See DN-423 (ID#:11194)
12165,DN-756,Generic,Zimbabwe,11-Jun-08,11-Jun-08,150/200/30mg,Tablet - FDC,No,See DN-756 (ID#:11866),From RDC,"Lamivudine/Nevirapine/Stavudine 150/200/30mg, tablets, 60 Tabs",440.92,37240,275576.0,PMO - US,"Cipla, Goa, India",Lamivudine/Nevirapine/Stavudine,7.4,N/A - From RDC,SO-2667,Pre-PQ Process,Pre-PQ Process,ARV,100-ZW-T01,11-Jun-08,Air,Adult,60,0.12,SCMS from RDC,N/A - From RDC,See DN-756 (ID#:11866)
1183,ASN-4420,Generic,Vietnam,10-Jul-09,10-Jul-09,150/300/200mg,Tablet - FDC,Yes,6341.88,Direct Drop,"Lamivudine/Nevirapine/Zidovudine 150/200/300mg, tablets, 60 Tabs",76.49,3500,39025.0,PMO - US,"Aurobindo Unit III, India",Lamivudine/Nevirapine/Zidovudine,11.15,4/29/09,SCMS-45080,Pre-PQ Process,Pre-PQ Process,ARV,108-VN-T01,10-Jul-09,Air,Adult,60,0.19,Aurobindo Pharma Limited,EXW,1804
10918,DN-518,Viread,Ethiopia,20-Dec-07,20-Dec-07,300mg,Tablet,Yes,639.75,From RDC,"Tenofovir Disoproxil Fumarate 300mg [Viread], tablets, 30 Tabs",32.2,1184,20128.0,PMO - US,Gilead(Nycomed) Oranienburg DE,Tenofovir Disoproxil Fumarate,17.0,N/A - From RDC,SO-1514,Pre-PQ Process,Pre-PQ Process,ARV,117-ET-T01,20-Dec-07,Air,Adult,30,0.57,SCMS from RDC,N/A - From RDC,49
11578,DN-900,Generic,Zimbabwe,12-Sep-08,12-Sep-08,150/200/30mg,Tablet - FDC,No,See DN-900 (ID#:11284),From RDC,"Lamivudine/Nevirapine/Stavudine 150/200/30mg, tablets, 60 Tabs",899.84,76000,562400.0,PMO - US,"Cipla, Goa, India",Lamivudine/Nevirapine/Stavudine,7.4,N/A - From RDC,SO-2503,Pre-PQ Process,Pre-PQ Process,ARV,113-ZW-T01,12-Sep-08,Truck,Adult,60,0.12,SCMS from RDC,N/A - From RDC,See DN-900 (ID#:11284)
12112,DN-352,First Response,Rwanda,14-Sep-07,14-Sep-07,MIssing,Test kit,Yes,4436.76,From RDC,"HIV 1/2/O, First Response HIV 1-2.0, v.3.0 Cards Kit, 30 Tests",49.71,1883,31069.5,PMO - US,Premier Med. Corp Ltd. India,"HIV 1/2/O, First Response HIV 1-2.0, v.3.0 Cards Kit",16.5,N/A - From RDC,SO-834,Pre-PQ Process,Pre-PQ Process,HRDT,107-RW-T01,14-Sep-07,Air,HIV test,30,0.55,SCMS from RDC,N/A - From RDC,752
11964,DN-1175,Generic,Mozambique,08-Jun-09,08-Jun-09,150/300/200mg,Tablet - FDC,Yes,6759.55,From RDC,"Lamivudine/Nevirapine/Zidovudine 150/200/300mg, tablets, 60 Tabs",249.97,10808,127534.4,PMO - US,Mylan (formerly Matrix) Nashik,Lamivudine/Nevirapine/Zidovudine,11.8,N/A - From RDC,SO-25020,Pre-PQ Process,Pre-PQ Process,ARV,111-MZ-T01,08-Jun-09,Air,Adult,60,0.2,SCMS from RDC,N/A - From RDC,1320
10931,DN-516,Viread,Ethiopia,10-Jan-08,10-Jan-08,300mg,Tablet,Yes,504,From RDC,"Tenofovir Disoproxil Fumarate 300mg [Viread], tablets, 30 Tabs",16.08,591,10047.0,PMO - US,Gilead(Nycomed) Oranienburg DE,Tenofovir Disoproxil Fumarate,17.0,N/A - From RDC,SO-1513,Pre-PQ Process,Pre-PQ Process,ARV,117-ET-T01,10-Jan-08,Air,Adult,30,0.57,SCMS from RDC,N/A - From RDC,37
11900,DN-706,Bioline,Kenya,08-Apr-08,08-Apr-08,MIssing,Test kit,Yes,838.83,From RDC,"HIV 1/2, Bioline 3.0 Kit, Lancets, Capillary pipets, Alcohol swabs included, 25 Tests",86.02,2688,53760.0,PMO - US,"Standard Diagnostics, Korea","HIV 1/2, Bioline 3.0 Kit, Lancets, Capillary pipets, Alcohol swabs included",20.0,N/A - From RDC,SO-1599,Pre-PQ Process,Pre-PQ Process,HRDT,102-KE-T01,08-Apr-08,Truck,HIV test,25,0.8,SCMS from RDC,N/A - From RDC,965
3956,ASN-294,Viracept,Vietnam,27-Mar-07,27-Mar-07,250mg,Tablet,Yes,13981.96,Direct Drop,"Nelfinavir (as mesilate) 250mg [Viracept], tablets, 270 Tabs",MIssing,200,32688.0,PMO - US,Roche Madrid,Nelfinavir (as mesilate),163.44,11/13/06,SCMS-171,Pre-PQ Process,Pre-PQ Process,ARV,108-VN-T01,27-Mar-07,Air,Adult,270,0.61,Hoffmann-La Roche ltd Basel,FCA,54
9628,ASN-1503,Determine,Guyana,09-Apr-08,09-Apr-08,MIssing,Test kit,Yes,1442.92,Direct Drop,"HIV 1/2, Determine HIV Kit, without Lancets, 100 Tests",27.64,240,17277.6,PMO - US,Inverness Japan,"HIV 1/2, Determine HIV Kit, without Lancets",71.99,2/28/08,SCMS-18480,Pre-PQ Process,Pre-PQ Process,HRDT,102-GY-T01,09-Apr-08,Air,HIV test,100,0.72,"Orgenics, Ltd",EXW,55
10660,DN-571,Generic,Rwanda,28-Jan-08,28-Jan-08,MIssing,Test kit - Ancillary,Yes,12977.28,From RDC,"HIV, Lancet, Safety, for HIV Test kits, 100 Pcs",0.03,2093,20.93,PMO - US,Inverness Japan,"HIV, Lancet, Safety, for HIV Test kits, 100 Pcs",0.01,N/A - From RDC,SO-1222,Pre-PQ Process,Pre-PQ Process,HRDT,107-RW-T01,28-Jan-08,Air,HIV test - Ancillary,100,0.0,SCMS from RDC,N/A - From RDC,609
9390,ASN-746,OraQuick,Zimbabwe,09-Oct-07,09-Oct-07,MIssing,Test kit,Yes,536.08,Direct Drop,"HIV 1/2, OraQuick Advance HIV Rapid Antibody Kit, 100 Tests",5.6,10,3500.0,PMO - US,"Pacific Biotech, Thailand","HIV 1/2, OraQuick Advance HIV Rapid Antibody Kit",350.0,8/28/07,SCMS-11680,Pre-PQ Process,Pre-PQ Process,HRDT,113-ZW-T01,09-Oct-07,Air,HIV test,100,3.5,Orasure Technologies Inc.,EXW,24
9694,ASN-1667,Videx EC,South Africa,07-Apr-08,07-Apr-08,400mg,Delayed-release capsules - blister,No,Freight Included in Commodity Cost,Direct Drop,"Didanosine EC 400mg [Videx EC], delayed-release capsules, Blister 3 x 10 Caps",3.82,100,2386.0,PMO - US,"BMS Meymac, France",Didanosine EC,23.86,04-04-08,SCMS-21460,Pre-PQ Process,Pre-PQ Process,ARV,116-ZA-T01,25-Apr-08,MIssing,Adult,30,0.8,S. BUYS WHOLESALER,DDP,Weight Captured Separately
1634,ASN-1789,Generic,Zambia,30-May-08,30-May-08,MIssing,Test kit - Ancillary,Yes,Freight Included in Commodity Cost,Direct Drop,"HIV, Lancet, Safety, for HIV Test kits, 100 Pcs",0.07,4300,43.0,PMO - US,Inverness Japan,"HIV, Lancet, Safety, for HIV Test kits, 100 Pcs",0.01,2/29/08,SCMS-18240,Pre-PQ Process,Pre-PQ Process,HRDT,110-ZM-T01,06-Jun-08,Air,HIV test - Ancillary,100,0.0,"Orgenics, Ltd",EXW,284
7728,ASN-3635,Generic,South Africa,05-Dec-08,05-Dec-08,50mg,Capsule,No,See ASN-3635 (ID#:3745),Direct Drop,"Efavirenz 50mg, capsule, 30 Caps",0.86,144,440.64,PMO - US,"Aurobindo Unit III, India",Efavirenz,3.06,Date Not Captured,SCMS-41050,Pre-PQ Process,Pre-PQ Process,ARV,116-ZA-T01,21-Apr-09,Air,Pediatric,30,0.1,S. BUYS WHOLESALER,DDP,See ASN-3635 (ID#:3745)
12261,DN-1124,Generic,Nigeria,19-Mar-09,19-Mar-09,30mg,Capsule,No,See DN-1124 (ID#:11620),From RDC,"Stavudine 30mg, capsules, 60 Caps",3.14,1033,1601.15,PMO - US,"Aurobindo Unit III, India",Stavudine,1.55,N/A - From RDC,SO-20960,Pre-PQ Process,Pre-PQ Process,ARV,112-NG-T01,19-Mar-09,Air Charter,Adult,60,0.03,SCMS from RDC,N/A - From RDC,See DN-1124 (ID#:11620)
12516,DN-751,Generic,Tanzania,01-Jul-08,01-Jul-08,30mg,Capsule,Yes,22965.4,From RDC,"Stavudine 30mg, capsules, 60 Caps",183.17,75318,114483.36,PMO - US,"Aurobindo Unit III, India",Stavudine,1.52,N/A - From RDC,SO-2564,Pre-PQ Process,Pre-PQ Process,ARV,109-TZ-T01,01-Jul-08,Air,Adult,60,0.03,SCMS from RDC,N/A - From RDC,5040
11526,DN-586,Crixivan,CÃte dIvoire,05-Feb-08,05-Feb-08,400mg,Capsule,Yes,1888.48,From RDC,"Indinavir 400mg [Crixivan], capsules, 180 Caps",124,1550,77500.0,PMO - US,"MSD, Haarlem, NL",Indinavir,50.0,N/A - From RDC,SO-1284,Pre-PQ Process,Pre-PQ Process,ARV,104-CI-T01,05-Feb-08,Air,Adult,180,0.28,SCMS from RDC,N/A - From RDC,345
7953,ASN-69,Determine,CÃte dIvoire,14-Nov-06,14-Nov-06,MIssing,Test kit,Yes,156.97,Direct Drop,"HIV 1/2, Determine Complete HIV Kit, 100 Tests",MIssing,850,68000.0,PMO - US,ABBVIE GmbH & Co.KG Wiesbaden,"HIV 1/2, Determine Complete HIV Kit",80.0,Date Not Captured,SCMS-107,Pre-PQ Process,Pre-PQ Process,HRDT,104-CI-T01,14-Nov-06,Air,HIV test,100,0.8,Abbott GmbH & Co. KG,FCA,291096
12523,DN-965,Determine,Kenya,23-Oct-08,23-Oct-08,MIssing,Test kit,No,See DN-965 (ID#:11563),From RDC,"HIV 1/2, Determine HIV Kit, without Lancets, 100 Tests",783.9,5000,399950.0,PMO - US,Inverness Japan,"HIV 1/2, Determine HIV Kit, without Lancets",79.99,N/A - From RDC,SO-11440,Pre-PQ Process,Pre-PQ Process,HRDT,102-KE-T01,23-Oct-08,Truck,HIV test,100,0.8,SCMS from RDC,N/A - From RDC,See DN-965 (ID#:11563)
12045,DN-74,Viread,CÃte dIvoire,30-Apr-07,30-Apr-07,300mg,Tablet,Yes,2527,From RDC,"Tenofovir Disoproxil Fumarate 300mg [Viread], tablets, 30 Tabs",MIssing,456,7752.0,PMO - US,Gilead(Nycomed) Oranienburg DE,Tenofovir Disoproxil Fumarate,17.0,N/A - From RDC,SO-285,Pre-PQ Process,Pre-PQ Process,ARV,100-CI-T01,30-Apr-07,MIssing,Adult,30,0.57,SCMS from RDC,N/A - From RDC,682
7894,ASN-4416,Determine,Namibia,27-Jul-09,27-Jul-09,MIssing,Test kit,Yes,868.31,Direct Drop,"HIV 1/2, Determine HIV Kit, without Lancets, 100 Tests",3.29,24,1680.0,PMO - US,Inverness Japan,"HIV 1/2, Determine HIV Kit, without Lancets",70.0,06-05-09,SCMS-47130,Pre-PQ Process,Pre-PQ Process,HRDT,119-NA-T01,27-Jul-09,Air,HIV test,100,0.7,"Orgenics, Ltd",EXW,6
7741,ASN-4180,Kaletra,South Africa,14-Apr-09,14-Apr-09,80/20mg/ml,Oral solution,Yes,Freight Included in Commodity Cost,Direct Drop,"Lopinavir/Ritonavir 80/20mg/ml [Kaletra], oral solution, cool, Bottle 5 x 60 ml",31.03,440,15831.2,PMO - US,ABBVIE (Abbott) Logis. UK,Lopinavir/Ritonavir,35.98,3/18/09,SCMS-41440,Pre-PQ Process,Pre-PQ Process,ARV,116-ZA-T01,14-Apr-09,Truck,Pediatric,300,0.12,S. BUYS WHOLESALER,DDP,Weight Captured Separately
284,ASN-1253,Generic,Rwanda,31-Jan-08,31-Jan-08,MIssing,Test kit - Ancillary,Yes,0.75,Direct Drop,"HIV, Lancet, Safety, for HIV Test kits, 100 Pcs",0.02,1500,15.0,PMO - US,Inverness Japan,"HIV, Lancet, Safety, for HIV Test kits, 100 Pcs",0.01,12-10-07,SCMS-14630,Pre-PQ Process,Pre-PQ Process,HRDT,107-RW-T01,31-Jan-08,Air,HIV test - Ancillary,100,0.0,"Orgenics, Ltd",EXW,99
12916,DN-1442,Generic,Nigeria,20-Oct-09,20-Oct-09,200/300mg,Tablet - FDC,Yes,9341.49,From RDC,"Emtricitabine/Tenofovir Disoproxil Fumarate 200/300mg, tablets, 30 Tabs",5.53,240,2820.0,PMO - US,Mylan (formerly Matrix) Nashik,Emtricitabine/Tenofovir Disoproxil Fumarate,11.75,N/A - From RDC,SO-27823,Pre-PQ Process,Date Not Captured,ARV,151-NG-T01,20-Oct-09,Air Charter,Adult,30,0.39,SCMS from RDC,N/A - From RDC,22
11689,DN-1468,Generic,Uganda,12-Oct-09,12-Oct-09,150/300/200mg,Tablet - FDC,Yes,749.25,From RDC,"Lamivudine/Nevirapine/Zidovudine 150/200/300mg, tablets, 60 Tabs",7.79,350,3972.5,PMO - US,"Aurobindo Unit III, India",Lamivudine/Nevirapine/Zidovudine,11.35,N/A - From RDC,SO-33000,Pre-PQ Process,Date Not Captured,ARV,114-UG-T01,12-Oct-09,Air,Adult,60,0.19,SCMS from RDC,N/A - From RDC,45
12224,DN-921,Truvada,Nigeria,28-Sep-08,28-Sep-08,300/200mg,Tablet - FDC,No,See DN-921 (ID#:11917),From RDC,"Emtricitabine/Tenofovir Disoproxil Fumarate 200/300mg [Truvada], tablets, 30 Tabs",1890,45000,1181250.0,PMO - US,"Aspen-OSD, Port Elizabeth, SA",Emtricitabine/Tenofovir Disoproxil Fumarate,26.25,N/A - From RDC,SO-2707,Pre-PQ Process,Pre-PQ Process,ARV,132-NG-T01,28-Sep-08,Air,Adult,30,0.88,SCMS from RDC,N/A - From RDC,See DN-921 (ID#:11917)
11472,DN-371,Generic,Zambia,21-Sep-07,21-Sep-07,1mg/ml,Oral solution,Yes,3094,From RDC,"Stavudine 1mg/ml, powder for oral solution, 200 ml",6.84,2950,4277.5,PMO - US,"Aurobindo Unit III, India",Stavudine,1.45,N/A - From RDC,SO-1073,Pre-PQ Process,Pre-PQ Process,ARV,110-ZM-T01,21-Sep-07,MIssing,Pediatric,200,0.01,SCMS from RDC,N/A - From RDC,267
12216,DN-1143,Generic,Uganda,02-Apr-09,02-Apr-09,600mg,Tablet,No,See DN-1143 (ID#:10711),From RDC,"Efavirenz 600mg, tablets, 30 Tabs",80.05,3713,40843.0,PMO - US,"Aurobindo Unit III, India",Efavirenz,11.0,N/A - From RDC,SO-17760,Pre-PQ Process,Pre-PQ Process,ARV,114-UG-T01,02-Apr-09,Air,Adult,30,0.37,SCMS from RDC,N/A - From RDC,See DN-1143 (ID#:10711)
11021,DN-924,Generic,Zambia,29-Sep-08,29-Sep-08,600mg,Tablet,Yes,15281.81,From RDC,"Efavirenz 600mg, tablets, 30 Tabs",960.8,50000,600500.0,PMO - US,Mylan (formerly Matrix) Nashik,Efavirenz,12.01,N/A - From RDC,SO-2481,Pre-PQ Process,Pre-PQ Process,ARV,110-ZM-T01,29-Sep-08,Truck,Adult,30,0.4,SCMS from RDC,N/A - From RDC,3842
12492,DN-625,Generic,Zambia,28-Mar-08,28-Mar-08,200mg,Tablet,No,See DN-625 (ID#:10956),From RDC,"Nevirapine 200mg, tablets, 60 Tabs",217.6,40000,136000.0,PMO - US,Hetero Unit III Hyderabad IN,Nevirapine,3.4,N/A - From RDC,SO-1806,Pre-PQ Process,Pre-PQ Process,ARV,110-ZM-T01,28-Mar-08,MIssing,Adult,60,0.06,SCMS from RDC,N/A - From RDC,See DN-625 (ID#:10956)
6418,ASN-4602,Generic,South Africa,16-Apr-09,16-Apr-09,600mg,Tablet,Yes,Freight Included in Commodity Cost,Direct Drop,"Efavirenz 600mg, tablets, 30 Tabs",160.78,6500,82030.0,PMO - US,"Aurobindo Unit III, India",Efavirenz,12.62,3/27/09,SCMS-41587,Pre-PQ Process,Pre-PQ Process,ARV,116-ZA-T01,25-Jun-09,Air,Adult,30,0.42,S. BUYS WHOLESALER,DDP,Weight Captured Separately
11518,DN-481,Generic,Zambia,15-Jan-08,15-Jan-08,MIssing,Test kit - Ancillary,No,See DN-481 (ID#:10656),From RDC,"HIV, Lancet, Safety, for HIV Test kits, 100 Pcs",0.03,2100,21.0,PMO - US,Inverness Japan,"HIV, Lancet, Safety, for HIV Test kits, 100 Pcs",0.01,N/A - From RDC,SO-783,Pre-PQ Process,Pre-PQ Process,HRDT,110-ZM-T01,15-Jan-08,MIssing,HIV test - Ancillary,100,0.0,SCMS from RDC,N/A - From RDC,See DN-481 (ID#:10656)
12369,DN-163,Generic,CÃte dIvoire,15-Jun-07,15-Jun-07,300mg,Tablet,Yes,1432,From RDC,"Zidovudine 300mg, tablets, 60 Tabs",MIssing,4374,37266.48,PMO - US,"Aurobindo Unit III, India",Zidovudine,8.52,N/A - From RDC,SO-617,Pre-PQ Process,Pre-PQ Process,ARV,104-CI-T01,15-Jun-07,Air,Adult,60,0.14,SCMS from RDC,N/A - From RDC,230
12754,DN-501,Generic,CÃte dIvoire,14-Dec-07,14-Dec-07,150/200/30mg,Tablet - FDC,Yes,13325,From RDC,"Lamivudine/Nevirapine/Stavudine 150/200/30mg, tablets, 60 Tabs",473.6,40000,296000.0,PMO - US,"Cipla, Goa, India",Lamivudine/Nevirapine/Stavudine,7.4,N/A - From RDC,SO-1483,Pre-PQ Process,Pre-PQ Process,ARV,104-CI-T01,14-Dec-07,Air,Adult,60,0.12,SCMS from RDC,N/A - From RDC,4026
12191,DN-680,Clearview,Namibia,19-Mar-08,19-Mar-08,MIssing,Test kit,Yes,1286.7,From RDC,"HIV 1/2, Clearview Complete Kit, 25 Tests",27.48,229,17175.0,PMO - US,Inverness USA,"HIV 1/2, Clearview Complete Kit",75.0,N/A - From RDC,SO-1970,Pre-PQ Process,Pre-PQ Process,HRDT,119-NA-T01,19-Mar-08,Air,HIV test,25,3.0,SCMS from RDC,N/A - From RDC,140
400,ASN-1465,Capillus,Ethiopia,11-Mar-08,11-Mar-08,MIssing,Test kit,Yes,Freight Included in Commodity Cost,Direct Drop,"HIV 1/2, Capillus HIV Kit, 100 Tests",21.44,63,13399.25,PMO - US,"Trinity Biotech, Plc","HIV 1/2, Capillus HIV Kit",212.69,2/29/08,SCMS-18430,Pre-PQ Process,Pre-PQ Process,HRDT,117-ET-T01,11-Mar-08,MIssing,HIV test,100,2.13,TURE PHARMACEUTICALS & MEDICAL SUPPLIES P.L.C.,DDP,Weight Captured Separately
3895,ASN-4819,Videx EC,South Africa,21-Jul-09,21-Jul-09,250mg,Delayed-release capsules - blister,No,Freight Included in Commodity Cost,Direct Drop,"Didanosine EC 250mg [Videx EC], delayed-release capsules, Blister 3 x 10 Caps",1.33,40,678.8,PMO - US,"BMS Meymac, France",Didanosine EC,16.97,06-05-09,SCMS-47050,Pre-PQ Process,Pre-PQ Process,ARV,116-ZA-T01,12-Oct-09,Truck,Adult,30,0.57,S. BUYS WHOLESALER,DDP,Weight Captured Separately
11660,DN-1315,Generic,CÃte dIvoire,14-Jul-09,14-Jul-09,200mg,Tablet,No,See DN-1315 (ID#:10781),From RDC,"Nevirapine 200mg, tablets, 60 Tabs",78.35,13325,39975.0,PMO - US,"Aurobindo Unit III, India",Nevirapine,3.0,N/A - From RDC,SO-27540,Pre-PQ Process,Date Not Captured,ARV,104-CI-T01,14-Jul-09,Air,Adult,60,0.05,SCMS from RDC,N/A - From RDC,See DN-1315 (ID#:10781)
5796,ASN-2335,Generic,Vietnam,20-Sep-08,20-Sep-08,150mg,Tablet,Yes,7884.8,Direct Drop,"Lamivudine 150mg, tablets, 60 Tabs",39.84,9576,24897.6,PMO - US,Mylan (formerly Matrix) Nashik,Lamivudine,2.6,5/13/08,SCMS-23440,Pre-PQ Process,Pre-PQ Process,ARV,108-VN-T01,20-Sep-08,Air,Adult,60,0.04,MYLAN LABORATORIES LTD (FORMERLY MATRIX LABORATORIES),EXW,889
10666,DN-554,Generic,Zambia,12-Feb-08,12-Feb-08,600mg,Tablet,Yes,12569.92,From RDC,"Efavirenz 600mg, tablets, 30 Tabs",877.05,44135,548156.7,PMO - US,Mylan (formerly Matrix) Nashik,Efavirenz,12.42,N/A - From RDC,SO-1034,Pre-PQ Process,Pre-PQ Process,ARV,110-ZM-T01,12-Feb-08,MIssing,Adult,30,0.41,SCMS from RDC,N/A - From RDC,3462
12641,DN-56,Generic,Zambia,26-Mar-07,26-Mar-07,150mg,Tablet,Yes,1170.16,From RDC,"Lamivudine 150mg, tablets, 60 Tabs",MIssing,3334,11035.54,PMO - US,"Ranbaxy, Paonta Shahib, India",Lamivudine,3.31,N/A - From RDC,SO-374,Pre-PQ Process,Pre-PQ Process,ARV,110-ZM-T01,26-Mar-07,MIssing,Adult,60,0.06,SCMS from RDC,N/A - From RDC,179
11066,DN-1401,Generic,CÃte dIvoire,08-Sep-09,08-Sep-09,20mg,Capsule,No,See DN-1401 (ID#:10793),From RDC,"Stavudine 20mg, capsules, 60 Caps",7.04,2052,3591.0,PMO - US,"Aurobindo Unit III, India",Stavudine,1.75,N/A - From RDC,SO-32210,Pre-PQ Process,Date Not Captured,ARV,104-CI-T01,08-Sep-09,Air,Adult,60,0.03,SCMS from RDC,N/A - From RDC,See DN-1401 (ID#:10793)
1068,ASN-3625,Epivir,South Africa,30-Dec-08,30-Dec-08,10mg/ml,Oral solution,Yes,Freight Included in Commodity Cost,Direct Drop,"Lamivudine 10mg/ml [Epivir], oral solution, Bottle, 240 ml",20.6,1800,10512.0,PMO - US,GSK Mississauga (Canada),Lamivudine,5.84,Date Not Captured,SCMS-41070,Pre-PQ Process,Pre-PQ Process,ARV,116-ZA-T01,12-May-09,Air,Pediatric,240,0.02,S. BUYS WHOLESALER,DDP,Weight Captured Separately
12059,DN-183,Trizivir,Mozambique,04-Jul-07,04-Jul-07,300/150/300mg,Tablet - FDC,Yes,439.17,From RDC,"Abacavir/Lamivudine/Zidovudine 300/150/300mg [Trizivir], tablets, 60 Tabs",MIssing,1019,71330.0,PMO - US,GSK Ware (UK),Abacavir/Lamivudine/Zidovudine,70.0,N/A - From RDC,SO-379,Pre-PQ Process,Pre-PQ Process,ARV,111-MZ-T01,04-Jul-07,Air,Adult,60,1.17,SCMS from RDC,N/A - From RDC,138
3375,ASN-2921,Generic,CÃte dIvoire,23-Jan-09,23-Jan-09,50+153mg,Tablet - FDC + co-blister,No,See ASN-2921 (ID#:719),Direct Drop,"Artesunate+Amodiaquine 50+153mg, tablets, co-blister 6+6 Tabs",38.22,50000,19500.0,PMO - US,Ipca Dadra/Nagar Haveli IN,Artesunate+Amodiaquine,0.39,09-03-08,SCMS-29340,Pre-PQ Process,Pre-PQ Process,ACT,104-CI-T01,23-Jan-09,Air,ACT,12,0.03,IDA FOUNDATION,EXW,See ASN-2921 (ID#:719)
11934,DN-917,Generic,Nigeria,24-Sep-08,24-Sep-08,150/300mg,Tablet - FDC,No,See DN-917 (ID#:10745),From RDC,"Lamivudine/Zidovudine 150/300mg, tablets, 60 Tabs",15.77,1054,9854.9,PMO - US,Mylan (formerly Matrix) Nashik,Lamivudine/Zidovudine,9.35,N/A - From RDC,SO-2728,Pre-PQ Process,Pre-PQ Process,ARV,112-NG-T01,24-Sep-08,Air,Adult,60,0.16,SCMS from RDC,N/A - From RDC,See DN-917 (ID#:10745)
6915,ASN-1520,Epivir,South Africa,04-Jan-08,04-Jan-08,150mg,Tablet,No,Freight Included in Commodity Cost,Direct Drop,"Lamivudine 150mg [Epivir], tablets, 60 Tabs",23.24,2500,14525.0,PMO - US,GSK Cape Town Factory (South Africa),Lamivudine,5.81,01-04-08,SCMS-16600,Pre-PQ Process,Pre-PQ Process,ARV,116-ZA-T01,21-Jan-08,MIssing,Adult,60,0.1,"JSI R&T INSTITUTE, INC.",DDP,Weight Captured Separately
10539,DN-22,Generic,Nigeria,22-Feb-07,22-Feb-07,150/300+200mg,Tablet - FDC + co-blister,Yes,2921,From RDC,"Lamivudine/Zidovudine+Nevirapine 150/300+200mg, tablets, co-blister, 60+60 Tabs",MIssing,5151,105595.5,PMO - US,"Aspen-OSD, Port Elizabeth, SA",Lamivudine/Zidovudine+Nevirapine,20.5,N/A - From RDC,SO-328,Pre-PQ Process,Pre-PQ Process,ARV,112-NG-T01,22-Feb-07,MIssing,Adult,120,0.17,SCMS from RDC,N/A - From RDC,667
1673,ASN-1665,Kaletra,South Africa,24-Apr-08,24-Apr-08,133.3/33.3mg,Capsule,No,Freight Included in Commodity Cost,Direct Drop,"Lopinavir/Ritonavir 133.3/33.3mg [Kaletra], capsules, cool, 2 x 90 Caps",25.22,400,15760.0,PMO - US,ABBVIE (Abbott) Logis. UK,Lopinavir/Ritonavir,39.4,2/20/08,SCMS-19800,Pre-PQ Process,Pre-PQ Process,ARV,116-ZA-T01,24-Apr-08,Truck,Adult,180,0.22,S. BUYS WHOLESALER,DDP,Weight Captured Separately
11585,DN-953,Generic,Namibia,30-Oct-08,30-Oct-08,30/50/6mg,Chewable/dispersible tablet - FDC,Yes,2989.45,From RDC,"Lamivudine/Nevirapine/Stavudine 30/50/6mg, dispersible tablets, 60 Tabs",4.92,1008,2509.92,PMO - US,"Cipla, Goa, India",Lamivudine/Nevirapine/Stavudine,2.49,N/A - From RDC,SO-15510,Pre-PQ Process,Pre-PQ Process,ARV,119-NA-T01,30-Oct-08,Truck,Pediatric,60,0.04,SCMS from RDC,N/A - From RDC,303
2441,ASN-3904,Videx EC,Uganda,04-May-09,04-May-09,250mg,Delayed-release capsules - blister,Yes,428.91,Direct Drop,"Didanosine EC 250mg [Videx EC], delayed-release capsules, Blister 3 x 10 Caps",2.16,60,1100.4,PMO - US,"BMS Meymac, France",Didanosine EC,18.34,3/19/09,SCMS-41240,Pre-PQ Process,Pre-PQ Process,ARV,114-UG-T01,04-May-09,Air,Adult,30,0.61,BRISTOL-MYERS SQUIBB,CIP,3000
11191,DN-410,Generic,Nigeria,04-Dec-07,04-Dec-07,200mg,Capsule,Yes,1161.13,From RDC,"Efavirenz 200mg, capsule, 90 Caps",10.24,400,6400.0,PMO - US,"Aurobindo Unit III, India",Efavirenz,16.0,N/A - From RDC,SO-1224,Pre-PQ Process,Pre-PQ Process,ARV,112-NG-T01,04-Dec-07,Air,Pediatric,90,0.18,SCMS from RDC,N/A - From RDC,38
269,ASN-1192,Viread,Vietnam,21-Jan-08,21-Jan-08,300mg,Tablet,Yes,2282.57,Direct Drop,"Tenofovir Disoproxil Fumarate 300mg [Viread], tablets, 30 Tabs",27.2,1000,17000.0,PMO - US,Gilead(Nycomed) Oranienburg DE,Tenofovir Disoproxil Fumarate,17.0,11/19/07,SCMS-14190,Pre-PQ Process,Pre-PQ Process,ARV,108-VN-T01,21-Jan-08,Air,Adult,30,0.57,"GILEAD SCIENCES IRELAND, INC.",EXW,76
9279,ASN-127,Generic,Uganda,21-Dec-06,21-Dec-06,600mg,Tablet,No,See ASN-127 (ID#:3955),Direct Drop,"Efavirenz 600mg, tablets, 30 Tabs",MIssing,5080,85090.0,PMO - US,"Aurobindo Unit III, India",Efavirenz,16.75,Date Not Captured,SCMS-157,Pre-PQ Process,Pre-PQ Process,ARV,114-UG-T01,21-Dec-06,Air,Adult,30,0.56,Aurobindo Pharma Limited,EXW,See ASN-127 (ID#:3955)
11884,DN-684,Stocrin/Sustiva,CÃte dIvoire,08-Apr-08,08-Apr-08,30mg/ml,Oral solution,Yes,1996.68,From RDC,"Efavirenz 30mg/ml [Stocrin/Sustiva], oral solution, Bottle, 180 ml",40.79,1503,25490.88,PMO - US,"MSD, Haarlem, NL",Efavirenz,16.96,N/A - From RDC,SO-2043,Pre-PQ Process,Pre-PQ Process,ARV,104-CI-T01,08-Apr-08,Air,Pediatric,180,0.09,SCMS from RDC,N/A - From RDC,608
11916,DN-1004,Determine,Pakistan,17-Nov-08,17-Nov-08,MIssing,Test kit,No,See DN-1004 (ID#:11280),From RDC,"HIV 1/2, Determine HIV Kit, without Lancets, 100 Tests",2.35,12,1199.88,PMO - US,Inverness Japan,"HIV 1/2, Determine HIV Kit, without Lancets",99.99,N/A - From RDC,SO-14930,Pre-PQ Process,Pre-PQ Process,HRDT,100-PK-T01,17-Nov-08,Air,HIV test,100,1.0,SCMS from RDC,N/A - From RDC,See DN-1004 (ID#:11280)
9565,ASN-1526,Zerit,South Africa,21-Jan-08,21-Jan-08,30mg,Capsule,Yes,Freight Included in Commodity Cost,Direct Drop,"Stavudine 30mg [Zerit], capsules, 60 Caps",22.92,2500,14325.0,PMO - US,"BMS Meymac, France",Stavudine,5.73,01-04-08,SCMS-16600,Pre-PQ Process,Pre-PQ Process,ARV,116-ZA-T01,21-Jan-08,MIssing,Adult,60,0.1,"JSI R&T INSTITUTE, INC.",DDP,Weight Captured Separately
10365,ASN-4386,Aluvia,South Africa,21-Apr-09,21-Apr-09,200/50mg,Tablet,No,Freight Included in Commodity Cost,Direct Drop,"Lopinavir/Ritonavir 200/50mg [Aluvia], tablets, 120 Tabs",133.99,1900,68362.0,PMO - US,ABBVIE Ludwigshafen Germany,Lopinavir/Ritonavir,35.98,3/27/09,SCMS-41585,Pre-PQ Process,Pre-PQ Process,ARV,116-ZA-T01,25-Jun-09,Air,Adult,120,0.3,S. BUYS WHOLESALER,DDP,Weight Captured Separately
11691,DN-1484,Generic,Ethiopia,20-Oct-09,20-Oct-09,20mg/ml,Oral solution,Yes,523.45,From RDC,"Abacavir 20mg/ml, oral solution, Bottle, 240 ml",3.16,100,1464.0,PMO - US,"Aurobindo Unit III, India",Abacavir,14.64,N/A - From RDC,SO-33750,Pre-PQ Process,Date Not Captured,ARV,117-ET-T01,20-Oct-09,Air,Pediatric,240,0.06,SCMS from RDC,N/A - From RDC,18
11403,DN-157,Capillus,Ethiopia,24-May-07,24-May-07,MIssing,Test kit,Yes,2129.46,From RDC,"HIV 1/2, Capillus HIV Kit, 100 Tests",MIssing,200,27800.0,PMO - US,"Trinity Biotech, Plc","HIV 1/2, Capillus HIV Kit",139.0,N/A - From RDC,SO-582,Pre-PQ Process,Pre-PQ Process,HRDT,117-ET-T01,24-May-07,MIssing,HIV test,100,1.39,SCMS from RDC,N/A - From RDC,213
11133,DN-190,Generic,Nigeria,26-Jun-07,26-Jun-07,30mg,Capsule,No,See DN-190 (ID#:10570),From RDC,"Stavudine 30mg, capsules, 60 Caps",1.7,700,1064.0,PMO - US,"Strides, Bangalore, India.",Stavudine,1.52,N/A - From RDC,SO-663,Pre-PQ Process,Pre-PQ Process,ARV,112-NG-T01,26-Jun-07,MIssing,Adult,60,0.03,SCMS from RDC,N/A - From RDC,See DN-190 (ID#:10570)
12017,DN-1489,Generic,Uganda,29-Oct-09,29-Oct-09,30mg,Capsule,Yes,667.17,From RDC,"Stavudine 30mg, capsules, 60 Caps",0.94,300,438.0,PMO - US,"Aurobindo Unit III, India",Stavudine,1.46,N/A - From RDC,SO-34000,Pre-PQ Process,Date Not Captured,ARV,114-UG-T01,29-Oct-09,Air,Adult,60,0.02,SCMS from RDC,N/A - From RDC,20
10549,DN-44,Invirase,Mozambique,17-Apr-07,17-Apr-07,200mg,Capsule,Yes,7364.3,From RDC,"Saquinavir 200mg [Invirase], capsules, 270 Caps",MIssing,470,35856.3,PMO - US,Roche Basel,Saquinavir,76.29,N/A - From RDC,SO-293,Pre-PQ Process,Pre-PQ Process,ARV,111-MZ-T01,17-Apr-07,Air,Adult,270,0.28,SCMS from RDC,N/A - From RDC,Weight Captured Separately
11105,DN-132,Generic,Nigeria,23-May-07,23-May-07,150/300+200mg,Tablet - FDC + co-blister,Yes,6433.28,From RDC,"Lamivudine/Zidovudine+Nevirapine 150/300+200mg, tablets, co-blister, 60+60 Tabs",MIssing,5709,117034.5,PMO - US,"Aspen-OSD, Port Elizabeth, SA",Lamivudine/Zidovudine+Nevirapine,20.5,N/A - From RDC,SO-329,Pre-PQ Process,Pre-PQ Process,ARV,112-NG-T01,23-May-07,MIssing,Adult,120,0.17,SCMS from RDC,N/A - From RDC,1238
11904,DN-946,Generic,Haiti,20-Oct-08,20-Oct-08,600mg,Tablet,No,See DN-946 (ID#:10983),From RDC,"Efavirenz 600mg, tablets, 30 Tabs",476.43,27070,297770.0,PMO - US,"Aurobindo Unit III, India",Efavirenz,11.0,N/A - From RDC,SO-15960,Pre-PQ Process,Pre-PQ Process,ARV,106-HT-T01,20-Oct-08,Air,Adult,30,0.37,SCMS from RDC,N/A - From RDC,See DN-946 (ID#:10983)
12918,DN-1446,Generic,Nigeria,20-Oct-09,20-Oct-09,150/300/200mg,Tablet - FDC,Yes,9341.49,From RDC,"Lamivudine/Nevirapine/Zidovudine 150/200/300mg, tablets, 60 Tabs",377.88,16912,192796.8,PMO - US,"Aurobindo Unit III, India",Lamivudine/Nevirapine/Zidovudine,11.4,N/A - From RDC,SO-33339,Pre-PQ Process,Date Not Captured,ARV,151-NG-T01,20-Oct-09,Air Charter,Adult,60,0.19,SCMS from RDC,N/A - From RDC,1905
12253,DN-987,Generic,Uganda,06-Jan-09,06-Jan-09,150/30mg,Tablet - FDC,No,See DN-987 (ID#:12252),From RDC,"Lamivudine/Stavudine 150/30mg, tablets, 30 Tabs",4.24,1082,2164.0,PMO - US,"Cipla, Goa, India",Lamivudine/Stavudine,2.0,N/A - From RDC,SO-17900,Pre-PQ Process,Pre-PQ Process,ARV,114-UG-T01,06-Jan-09,Air,Adult,30,0.07,SCMS from RDC,N/A - From RDC,See DN-987 (ID#:12252)
11205,DN-451,Aluvia,CÃte dIvoire,17-Jan-08,17-Jan-08,200/50mg,Tablet,Yes,3499.1,From RDC,"Lopinavir/Ritonavir 200/50mg [Aluvia], tablets, 120 Tabs",65.3,993,40812.3,PMO - US,ABBVIE (Abbott) Logis. UK,Lopinavir/Ritonavir,41.1,N/A - From RDC,SO-1298,Pre-PQ Process,Pre-PQ Process,ARV,104-CI-T01,17-Jan-08,Air,Adult,120,0.34,SCMS from RDC,N/A - From RDC,217
9933,ASN-2720,Colloidal Gold,Ethiopia,30-Oct-08,30-Oct-08,MIssing,Test kit,Yes,44360.44,Direct Drop,"HIV 1/2, SKB Colloidal Gold, Diagnostic Kit, Antibody, 50 Tests",315.47,6998,160954.0,PMO - US,"KHB Test Kit Facility, Shanghai China","HIV 1/2, Colloidal Gold, Diagnostic Kit, Antibody",23.0,8/22/08,SCMS-28700,Pre-PQ Process,Pre-PQ Process,HRDT,117-ET-T01,30-Oct-08,Air,HIV test,1,23.0,"SHANGHAI KEHUA BIOENGINEERING CO.,LTD.  (KHB)",EXW,5056
12527,DN-1013,Generic,Nigeria,20-Nov-08,20-Nov-08,1mg/ml,Oral solution,Yes,857.17,From RDC,"Stavudine 1mg/ml, powder for oral solution, 200 ml",0.1,36,50.4,PMO - US,"Aurobindo Unit III, India",Stavudine,1.4,N/A - From RDC,SO-11020,Pre-PQ Process,Pre-PQ Process,ARV,112-NG-T01,20-Nov-08,Air,Pediatric,200,0.01,SCMS from RDC,N/A - From RDC,4
12395,DN-304,Generic,Mozambique,21-Sep-07,21-Sep-07,10mg/ml,Oral solution,No,See DN-304 (ID#:10589),From RDC,"Lamivudine 10mg/ml, oral solution, Bottle, 240 ml",10.71,2744,6695.36,PMO - US,"Cipla, Goa, India",Lamivudine,2.44,N/A - From RDC,SO-298,Pre-PQ Process,Pre-PQ Process,ARV,111-MZ-T01,21-Sep-07,Air,Pediatric,240,0.01,SCMS from RDC,N/A - From RDC,See DN-304 (ID#:10589)
6768,ASN-968,Paramax,Guyana,07-Nov-07,07-Nov-07,MIssing,Test kit,Yes,186.25,Direct Drop,"Malaria Paramax-3 Kit, 25 Tests",23.4,390,14625.0,PMO - US,Not Applicable,Malaria Paramax-3 Kit,37.5,10-02-07,SCMS-12680,Pre-PQ Process,Pre-PQ Process,MRDT,102-GY-T01,07-Nov-07,MIssing,Malaria,25,1.5,ZEPHYR BIOMEDICALS,CIF,145
6881,ASN-1153,OraQuick,Haiti,22-Jan-08,22-Jan-08,MIssing,Test kit,Yes,1521.11,Direct Drop,"HIV 1/2, OraQuick Advance HIV Rapid Antibody Kit, 100 Tests",14,25,8750.0,PMO - US,"Pacific Biotech, Thailand","HIV 1/2, OraQuick Advance HIV Rapid Antibody Kit",350.0,Date Not Captured,SCMS-15500,Pre-PQ Process,Pre-PQ Process,HRDT,106-HT-T01,22-Jan-08,Air,HIV test,100,3.5,Orasure Technologies Inc.,EXW,60
10643,DN-484,Generic,Zambia,07-Dec-07,07-Dec-07,150/200/30mg,Tablet - FDC,Yes,5780.2,From RDC,"Lamivudine/Nevirapine/Stavudine 150/200/30mg, tablets, 60 Tabs",166.38,14052,103984.8,PMO - US,"Cipla, Goa, India",Lamivudine/Nevirapine/Stavudine,7.4,N/A - From RDC,SO-1309,Pre-PQ Process,Pre-PQ Process,ARV,110-ZM-T01,07-Dec-07,MIssing,Adult,60,0.12,SCMS from RDC,N/A - From RDC,1420
5114,ASN-4533,Coartem,Nigeria,03-Sep-09,03-Sep-09,20/120mg,Tablet - FDC + blister,Yes,17170.07,Direct Drop,"Artemether/Lumefantrine 20/120mg [Coartem], scored tablets, Blister 30 x 18 Tabs",138.02,2000,70420.0,PMO - US,"Novartis Pharma Suffern, USA",Artemether/Lumefantrine,35.21,04-10-09,SCMS-43960,Pre-PQ Process,Pre-PQ Process,ACT,123-NG-T01,03-Sep-09,Air,ACT,540,0.07,MISSIONPHARMA A/S,EXW,1250
10654,DN-628,Generic,Mozambique,05-Apr-08,05-Apr-08,150/30mg,Tablet - FDC,Yes,8771.34,From RDC,"Lamivudine/Stavudine 150/30mg, tablets, 30 Tabs",167.17,52240,104480.0,PMO - US,"Cipla, Goa, India",Lamivudine/Stavudine,2.0,N/A - From RDC,SO-1039,Pre-PQ Process,Pre-PQ Process,ARV,111-MZ-T01,08-Apr-08,Air,Adult,30,0.07,SCMS from RDC,N/A - From RDC,4230
12311,DN-1399,Generic,Uganda,28-Aug-09,28-Aug-09,150/300mg,Tablet - FDC,Yes,38957.51,From RDC,"Lamivudine/Zidovudine 150/300mg, tablets, 60 Tabs",412.07,24000,210240.0,PMO - US,Mylan (formerly Matrix) Nashik,Lamivudine/Zidovudine,8.76,N/A - From RDC,SO-32950,Pre-PQ Process,Date Not Captured,ARV,114-UG-T01,28-Aug-09,Air,Adult,60,0.15,SCMS from RDC,N/A - From RDC,5748
12618,DN-1485,Generic,Mozambique,13-Nov-09,13-Nov-09,30mg,Capsule,Yes,1074.8,From RDC,"Stavudine 30mg, capsules, 60 Caps",3.04,945,1408.05,PMO - US,"Aurobindo Unit III, India",Stavudine,1.49,N/A - From RDC,SO-33340,Pre-PQ Process,Date Not Captured,ARV,111-MZ-T01,13-Nov-09,Air,Adult,60,0.02,SCMS from RDC,N/A - From RDC,62
12842,DN-1077,Generic,Uganda,19-Feb-09,19-Feb-09,150/300/200mg,Tablet - FDC,Yes,9995.55,From RDC,"Lamivudine/Nevirapine/Zidovudine 150/200/300mg, tablets, 60 Tabs",337.67,14600,172280.0,PMO - US,"Aurobindo Unit III, India",Lamivudine/Nevirapine/Zidovudine,11.8,N/A - From RDC,SO-17751,Pre-PQ Process,Pre-PQ Process,ARV,114-UG-T01,19-Feb-09,Air,Adult,60,0.2,SCMS from RDC,N/A - From RDC,1657
10996,DN-1044,Generic,Zimbabwe,16-Feb-09,16-Feb-09,150/200/30mg,Tablet - FDC,Yes,35513.01,From RDC,"Lamivudine/Nevirapine/Stavudine 150/200/30mg, tablets, 60 Tabs",1102.3,76000,562400.0,PMO - US,"Cipla, Goa, India",Lamivudine/Nevirapine/Stavudine,7.4,N/A - From RDC,SO-14000,Pre-PQ Process,Pre-PQ Process,ARV,113-ZW-T01,16-Feb-09,Truck,Adult,60,0.12,SCMS from RDC,N/A - From RDC,8912
3846,ASN-4371,Generic,Vietnam,21-Jul-09,21-Jul-09,150/200/30mg,Tablet - FDC,Yes,10048.1,Direct Drop,"Lamivudine/Nevirapine/Stavudine 150/200/30mg, tablets, 60 Tabs",471.2,35616,240408.0,PMO - US,"Cipla, Goa, India",Lamivudine/Nevirapine/Stavudine,6.75,4/29/09,SCMS-45000,Pre-PQ Process,Pre-PQ Process,ARV,108-VN-T01,21-Jul-09,Air,Adult,60,0.11,CIPLA LIMITED,EXW,3479
12803,DN-645,Generic,Zimbabwe,07-Mar-08,07-Mar-08,300mg,Tablet,Yes,1593.48,From RDC,"Zidovudine 300mg, tablets, 60 Tabs",41.47,3180,25917.0,PMO - US,"Aurobindo Unit III, India",Zidovudine,8.15,N/A - From RDC,SO-1921,Pre-PQ Process,Pre-PQ Process,ARV,113-ZW-T01,07-Mar-08,Truck,Adult,60,0.14,SCMS from RDC,N/A - From RDC,182
12639,DN-138,Stat-Pak,Nigeria,24-May-07,24-May-07,MIssing,Test kit,Yes,9666,From RDC,"HIV 1/2, Stat-Pak HIV, Kit, 20 Tests",MIssing,6000,162000.0,PMO - US,Chembio Diagnostics Sys. Inc.,"HIV 1/2, Stat-Pak HIV, Kit",27.0,N/A - From RDC,SO-474,Pre-PQ Process,Pre-PQ Process,HRDT,102-NG-T01,24-May-07,MIssing,HIV test,20,1.35,SCMS from RDC,N/A - From RDC,1833
11242,DN-676,Generic,Zambia,01-Apr-08,01-Apr-08,200mg,Tablet,Yes,13332,From RDC,"Nevirapine 200mg, tablets, 60 Tabs",176.03,32358,110017.2,PMO - US,"Ranbaxy, Paonta Shahib, India",Nevirapine,3.4,N/A - From RDC,SO-1891,Pre-PQ Process,Pre-PQ Process,ARV,110-ZM-T01,01-Apr-08,MIssing,Adult,60,0.06,SCMS from RDC,N/A - From RDC,3146
11542,DN-788,Generic,Haiti,01-Jul-08,01-Jul-08,200mg,Capsule,Yes,1015.24,From RDC,"Efavirenz 200mg, capsule, 90 Caps",2.69,105,1680.0,PMO - US,"Aurobindo Unit III, India",Efavirenz,16.0,N/A - From RDC,SO-2601,Pre-PQ Process,Pre-PQ Process,ARV,106-HT-T01,01-Jul-08,Air,Pediatric,90,0.18,SCMS from RDC,N/A - From RDC,14
5935,ASN-2853,Aluvia,Vietnam,02-Dec-08,02-Dec-08,200/50mg,Tablet,Yes,2709.98,Direct Drop,"Lopinavir/Ritonavir 200/50mg [Aluvia], tablets, 120 Tabs",0.97,6,493.2,PMO - US,ABBVIE Ludwigshafen Germany,Lopinavir/Ritonavir,82.2,7/24/08,SCMS-27290,Pre-PQ Process,Pre-PQ Process,ARV,108-VN-T01,02-Dec-08,Air,Adult,120,0.68,ABBVIE LOGISTICS (FORMERLY ABBOTT LOGISTICS BV),FCA,9
1722,ASN-1667,Generic,South Africa,07-Apr-08,07-Apr-08,600mg,Tablet,No,Freight Included in Commodity Cost,Direct Drop,"Efavirenz 600mg, tablets, 30 Tabs",7.38,300,4614.0,PMO - US,"Cipla, Goa, India",Efavirenz,15.38,04-04-08,SCMS-21460,Pre-PQ Process,Pre-PQ Process,ARV,116-ZA-T01,25-Apr-08,MIssing,Adult,30,0.51,S. BUYS WHOLESALER,DDP,Weight Captured Separately
3674,ASN-3633,Determine,Rwanda,01-Apr-09,01-Apr-09,MIssing,Test kit,Yes,3936.25,Direct Drop,"HIV 1/2, Determine HIV Kit, without Lancets, 100 Tests",52.96,386,27020.0,PMO - US,Inverness Japan,"HIV 1/2, Determine HIV Kit, without Lancets",70.0,2/18/09,SCMS-38690,Pre-PQ Process,Pre-PQ Process,HRDT,107-RW-T01,01-Apr-09,Air,HIV test,100,0.7,"Orgenics, Ltd",EXW,88
5268,ASN-116,Generic,Guyana,25-Dec-06,25-Dec-06,15mg,Capsule,Yes,569.52,Direct Drop,"Stavudine 15mg, capsules, 60 Caps",MIssing,602,1414.7,PMO - US,"Aurobindo Unit III, India",Stavudine,2.35,Date Not Captured,SCMS-122,Pre-PQ Process,Pre-PQ Process,ARV,105-GY-T01,25-Dec-06,Air,Adult,60,0.04,Aurobindo Pharma Limited,EXW,37
11339,DN-1335,Generic,CÃte dIvoire,16-Jul-09,16-Jul-09,15mg,Capsule,No,See DN-1335 (ID#:11338),From RDC,"Stavudine 15mg, capsules, 60 Caps",0.87,296,444.0,PMO - US,"Aurobindo Unit III, India",Stavudine,1.5,N/A - From RDC,SO-32250,Pre-PQ Process,Date Not Captured,ARV,104-CI-T01,16-Jul-09,Air,Adult,60,0.02,SCMS from RDC,N/A - From RDC,See DN-1335 (ID#:11338)
7991,ASN-280,Stat-Pak,Nigeria,15-Mar-07,15-Mar-07,MIssing,Test kit,Yes,11731.15,Direct Drop,"HIV 1/2, Stat-Pak HIV, Kit, 20 Tests",MIssing,5004,135108.0,PMO - US,Chembio Diagnostics Sys. Inc.,"HIV 1/2, Stat-Pak HIV, Kit",27.0,Date Not Captured,SCMS-344,Pre-PQ Process,Pre-PQ Process,HRDT,102-NG-T01,15-Mar-07,Air,HIV test,20,1.35,"CHEMBIO DIAGNOSTIC SYSTEMS, INC.",EXW,1531
11890,DN-705,Invirase,CÃte dIvoire,17-Apr-08,17-Apr-08,200mg,Capsule,Yes,1765.4,From RDC,"Saquinavir 200mg [Invirase], capsules, 270 Caps",122.93,977,76831.28,PMO - US,Roche Basel,Saquinavir,78.64,N/A - From RDC,SO-1547,Pre-PQ Process,Pre-PQ Process,ARV,104-CI-T01,17-Apr-08,Air,Adult,270,0.29,SCMS from RDC,N/A - From RDC,490
10919,DN-421,Aluvia,CÃte dIvoire,17-Jan-08,17-Jan-08,200/50mg,Tablet,Yes,5947.88,From RDC,"Lopinavir/Ritonavir 200/50mg [Aluvia], tablets, 120 Tabs",31.5,479,19686.9,PMO - US,ABBVIE Ludwigshafen Germany,Lopinavir/Ritonavir,41.1,N/A - From RDC,SO-971,Pre-PQ Process,Pre-PQ Process,ARV,104-CI-T01,17-Jan-08,Air,Adult,120,0.34,SCMS from RDC,N/A - From RDC,421
1077,ASN-4361,Generic,South Africa,21-Apr-09,21-Apr-09,10mg/ml,Oral solution,Yes,Freight Included in Commodity Cost,Direct Drop,"Lamivudine 10mg/ml, oral solution, Bottle, 240 ml",3.83,346,1954.9,PMO - US,"Aurobindo Unit III, India",Lamivudine,5.65,3/18/09,SCMS-41462,Pre-PQ Process,Pre-PQ Process,ARV,116-ZA-T01,25-Jun-09,Air,Pediatric,240,0.02,S. BUYS WHOLESALER,DDP,Weight Captured Separately
7176,ASN-2396,Uni-Gold,Rwanda,18-Oct-08,18-Oct-08,MIssing,Test kit,Yes,22370.64,Direct Drop,"HIV 1/2, Uni-Gold HIV Kit, 20 Tests",174.08,3400,108800.0,PMO - US,"Trinity Biotech, Plc","HIV 1/2, Uni-Gold HIV Kit",32.0,06-12-08,SCMS-25080,Pre-PQ Process,Pre-PQ Process,HRDT,107-RW-T01,18-Oct-08,Air,HIV test,20,1.6,"Trinity Biotech, Plc",EXW,1131
3191,ASN-2300,Norvir,South Africa,14-May-08,14-May-08,100mg,Capsule,No,Freight Included in Commodity Cost,Direct Drop,"Ritonavir 100mg [Norvir], capsules, cool, 84 Caps",0.06,4,38.88,PMO - US,ABBVIE (Abbott) Logis. UK,Ritonavir,9.72,Date Not Captured,SCMS-23500,Pre-PQ Process,Pre-PQ Process,ARV,116-ZA-T01,20-Aug-08,Truck,Adult,84,0.12,S. BUYS WHOLESALER,DDP,Weight Captured Separately
11275,DN-1030,Generic,CÃte dIvoire,19-Dec-08,19-Dec-08,150/300mg,Tablet - FDC,Yes,2739.3,From RDC,"Lamivudine/Zidovudine 150/300mg, tablets, 60 Tabs",124.36,6786,63449.1,PMO - US,"Aurobindo Unit III, India",Lamivudine/Zidovudine,9.35,N/A - From RDC,SO-19320,Pre-PQ Process,Pre-PQ Process,ARV,104-CI-T01,19-Dec-08,Air,Adult,60,0.16,SCMS from RDC,N/A - From RDC,620
12294,DN-1278,Generic,Haiti,18-Jun-09,18-Jun-09,50mg,Capsule,Yes,7789.85,From RDC,"Efavirenz 50mg, capsule, 30 Caps",6.27,1428,3198.72,PMO - US,"Aurobindo Unit III, India",Efavirenz,2.24,N/A - From RDC,SO-24832,Pre-PQ Process,Pre-PQ Process,ARV,106-HT-T01,18-Jun-09,Air,Pediatric,30,0.07,SCMS from RDC,N/A - From RDC,83
10937,DN-557,Generic,Guyana,24-Jan-08,24-Jan-08,150/300mg,Tablet - FDC,No,See DN-557 (ID#:10663),From RDC,"Lamivudine/Zidovudine 150/300mg, tablets, 60 Tabs",15.32,1008,9576.0,PMO - US,"Aurobindo Unit III, India",Lamivudine/Zidovudine,9.5,N/A - From RDC,SO-1239,Pre-PQ Process,Pre-PQ Process,ARV,105-GY-T01,24-Jan-08,Air,Adult,60,0.16,SCMS from RDC,N/A - From RDC,See DN-557 (ID#:10663)
10548,DN-118,Generic,Nigeria,08-May-07,08-May-07,150/300+200mg,Tablet - FDC + co-blister,Yes,4104.5,From RDC,"Lamivudine/Zidovudine+Nevirapine 150/300+200mg, tablets, co-blister, 60+60 Tabs",MIssing,5661,116050.5,PMO - US,"Aspen-OSD, Port Elizabeth, SA",Lamivudine/Zidovudine+Nevirapine,20.5,N/A - From RDC,SO-343,Pre-PQ Process,Pre-PQ Process,ARV,112-NG-T01,08-May-07,MIssing,Adult,120,0.17,SCMS from RDC,N/A - From RDC,725
3039,ASN-1651,Generic,Mozambique,13-Jun-08,13-Jun-08,MIssing,Test kit - Ancillary,Yes,Invoiced Separately,Direct Drop,"HIV, Lancet, Safety, for HIV Test kits, 100 Pcs",0.07,4200,42.0,PMO - US,Inverness Japan,"HIV, Lancet, Safety, for HIV Test kits, 100 Pcs",0.01,2/25/08,SCMS-18060,Pre-PQ Process,Pre-PQ Process,HRDT,111-MZ-T01,13-Jun-08,Air,HIV test - Ancillary,100,0.0,"Orgenics, Ltd",EXW,Weight Captured Separately
9753,ASN-2300,Invirase,South Africa,14-May-08,14-May-08,200mg,Capsule,No,Freight Included in Commodity Cost,Direct Drop,"Saquinavir 200mg [Invirase], capsules, 270 Caps",0.46,4,285.52,PMO - US,Roche Basel,Saquinavir,71.38,Date Not Captured,SCMS-23500,Pre-PQ Process,Pre-PQ Process,ARV,116-ZA-T01,20-Aug-08,Truck,Adult,270,0.26,S. BUYS WHOLESALER,DDP,Weight Captured Separately
7775,ASN-4318,Uni-Gold,Guyana,09-Jul-09,09-Jul-09,MIssing,Test kit,Yes,5733.61,Direct Drop,"HIV 1/2, Uni-Gold HIV Kit, 20 Tests",85.99,1371,43872.0,PMO - US,"Trinity Biotech, Plc","HIV 1/2, Uni-Gold HIV Kit",32.0,3/31/09,SCMS-42300,Pre-PQ Process,Pre-PQ Process,HRDT,102-GY-T01,09-Jul-09,Air,HIV test,20,1.6,"Trinity Biotech, Plc",EXW,468
11744,DN-241,Generic,Tanzania,30-Jul-07,30-Jul-07,150/300mg,Tablet - FDC,Yes,3243,From RDC,"Lamivudine/Zidovudine 150/300mg, tablets, 60 Tabs",187.57,10977,117234.36,PMO - US,"Aurobindo Unit III, India",Lamivudine/Zidovudine,10.68,N/A - From RDC,SO-445,Pre-PQ Process,Pre-PQ Process,ARV,109-TZ-T01,30-Jul-07,Air,Adult,60,0.18,SCMS from RDC,N/A - From RDC,957
10958,DN-711,Generic,Zambia,09-May-08,09-May-08,150/300mg,Tablet - FDC,Yes,2348.92,From RDC,"Lamivudine/Zidovudine 150/300mg, tablets, 60 Tabs",756,50000,472500.0,PMO - US,"Aurobindo Unit III, India",Lamivudine/Zidovudine,9.45,N/A - From RDC,SO-1885,Pre-PQ Process,Pre-PQ Process,ARV,110-ZM-T01,09-May-08,MIssing,Adult,60,0.16,SCMS from RDC,N/A - From RDC,4657
10535,DN-13,Viracept,Mozambique,08-Jan-07,08-Jan-07,250mg,Tablet,Yes,859.14,From RDC,"Nelfinavir (as mesilate) 250mg [Viracept], tablets, 270 Tabs",MIssing,764,60814.4,PMO - US,Roche Madrid,Nelfinavir (as mesilate),79.6,N/A - From RDC,SO-321,Pre-PQ Process,Pre-PQ Process,ARV,111-MZ-T01,08-Jan-07,Air,Adult,270,0.29,SCMS from RDC,N/A - From RDC,1669
12572,DN-1205,Generic,Haiti,19-May-09,19-May-09,20mg/ml,Oral solution,No,See DN-1205 (ID#:11314),From RDC,"Abacavir 20mg/ml, oral solution, Bottle, 240 ml",11.7,398,5970.0,PMO - US,"Aurobindo Unit III, India",Abacavir,15.0,N/A - From RDC,SO-24830,Pre-PQ Process,Pre-PQ Process,ARV,106-HT-T01,19-May-09,Air,Pediatric,240,0.06,SCMS from RDC,N/A - From RDC,See DN-1205 (ID#:11314)
11391,DN-199,Generic,CÃte dIvoire,05-Jul-07,05-Jul-07,10mg/ml,Oral solution,Yes,15561,From RDC,"Zidovudine 10mg/ml, oral solution, Bottle, 240 ml",27.28,4316,17048.2,PMO - US,"Aurobindo Unit III, India",Zidovudine,3.95,N/A - From RDC,SO-519,Pre-PQ Process,Pre-PQ Process,ARV,104-CI-T01,05-Jul-07,MIssing,Pediatric,240,0.02,SCMS from RDC,N/A - From RDC,6634
2438,ASN-3752,Zerit,South Africa,21-Nov-08,21-Nov-08,20mg,Capsule,No,Freight Included in Commodity Cost,Direct Drop,"Stavudine 20mg [Zerit], capsules, 60 Caps",0.73,100,371.0,PMO - US,"BMS Meymac, France",Stavudine,3.71,Date Not Captured,SCMS-41140,Pre-PQ Process,Pre-PQ Process,ARV,116-ZA-T01,31-Mar-09,Air,Adult,60,0.06,S. BUYS WHOLESALER,DDP,Weight Captured Separately
11458,DN-397,Generic,Zambia,26-Nov-07,26-Nov-07,600mg,Tablet,Yes,13484.72,From RDC,"Efavirenz 600mg, tablets, 30 Tabs",877.05,44135,548156.7,PMO - US,"Aurobindo Unit III, India",Efavirenz,12.42,N/A - From RDC,SO-978,Pre-PQ Process,Pre-PQ Process,ARV,110-ZM-T01,26-Nov-07,MIssing,Adult,30,0.41,SCMS from RDC,N/A - From RDC,4082
11925,DN-893,Generic,Tanzania,15-Sep-08,15-Sep-08,100mg,Chewable/dispersible tablet,No,See DN-893 (ID#:11596),From RDC,"Didanosine 100mg, chewable/dispersible tablets, 60 Tabs",144.34,11640,90210.0,PMO - US,"Aurobindo Unit III, India",Didanosine,7.75,N/A - From RDC,SO-1697,Pre-PQ Process,Pre-PQ Process,ARV,109-TZ-T01,15-Sep-08,MIssing,Pediatric,60,0.13,SCMS from RDC,N/A - From RDC,See DN-893 (ID#:11596)
10389,ASN-4224,Epivir,South Africa,15-May-09,15-May-09,10mg/ml,Oral solution,No,Freight Included in Commodity Cost,Direct Drop,"Lamivudine 10mg/ml [Epivir], oral solution, Bottle, 240 ml",7.08,650,3614.0,PMO - US,GSK Mississauga (Canada),Lamivudine,5.56,04-02-09,SCMS-47320,Pre-PQ Process,Pre-PQ Process,ARV,116-ZA-T01,15-May-09,Truck,Pediatric,240,0.02,S. BUYS WHOLESALER,DDP,Weight Captured Separately
1079,ASN-4634,Generic,South Africa,17-Jun-09,17-Jun-09,10mg/ml,Oral solution,Yes,Freight Included in Commodity Cost,Direct Drop,"Lamivudine 10mg/ml, oral solution, Bottle, 240 ml",3.79,342,1932.3,PMO - US,"Aurobindo Unit III, India",Lamivudine,5.65,3/18/09,SCMS-41464,Pre-PQ Process,Pre-PQ Process,ARV,116-ZA-T01,25-Jun-09,Air,Pediatric,240,0.02,S. BUYS WHOLESALER,DDP,Weight Captured Separately
7847,ASN-4511,Generic,Namibia,18-Aug-09,18-Aug-09,30/50/6mg,Chewable/dispersible tablet - FDC,No,See ASN-4511 (ID#:2571),Direct Drop,"Lamivudine/Nevirapine/Stavudine 30/50/6mg, dispersible tablets, 60 Tabs",8.52,1812,4348.8,PMO - US,"Cipla, Goa, India",Lamivudine/Nevirapine/Stavudine,2.4,05-08-09,SCMS-45620,Pre-PQ Process,Pre-PQ Process,ARV,119-NA-T01,18-Aug-09,Air,Pediatric,60,0.04,CIPLA LIMITED,EXW,See ASN-4511 (ID#:2571)
13476,ASN-6395,Norvir,Mozambique,19-Mar-10,19-Mar-10,100mg,Capsule,Yes,Freight Included in Commodity Cost,Direct Drop,"Ritonavir 100mg [Norvir], capsules, cool, 84 Caps",10.52,520,5366.4,PMO - US,ABBVIE (Abbott) France,Ritonavir,10.32,9/24/09,SCMS-53520,FPQ-4107,09-02-09,ARV,111-MZ-T30,19-Mar-10,Air,Adult,84,0.12,INTERNATIONAL HEALTHCARE DISTRIBUTORS,CIP,149
11019,DN-1061,Viread,Ethiopia,29-Jan-09,29-Jan-09,300mg,Tablet,Yes,10460.94,From RDC,"Tenofovir Disoproxil Fumarate 300mg [Viread], tablets, 30 Tabs",102.23,3068,52156.0,PMO - US,"Aspen-OSD, Port Elizabeth, SA",Tenofovir Disoproxil Fumarate,17.0,N/A - From RDC,SO-22010,Pre-PQ Process,Pre-PQ Process,ARV,117-ET-T01,29-Jan-09,Air,Adult,30,0.57,SCMS from RDC,N/A - From RDC,2002
11679,DN-1398,Generic,CÃte dIvoire,08-Sep-09,08-Sep-09,600mg,Tablet,Yes,6037.19,From RDC,"Efavirenz 600mg, tablets, 30 Tabs",201.39,15000,102750.0,PMO - US,"Aurobindo Unit III, India",Efavirenz,6.85,N/A - From RDC,SO-32240,Pre-PQ Process,Date Not Captured,ARV,104-CI-T01,08-Sep-09,Air,Adult,30,0.23,SCMS from RDC,N/A - From RDC,1582
5041,ASN-3623,Retrovir,South Africa,03-Dec-08,03-Dec-08,300mg,Tablet,No,Freight Included in Commodity Cost,Direct Drop,"Zidovudine 300mg [Retrovir], tablets, 60 Tabs",122.99,5000,62750.0,PMO - US,GSK Aranda,Zidovudine,12.55,Date Not Captured,SCMS-41040,Pre-PQ Process,Pre-PQ Process,ARV,116-ZA-T01,07-Apr-09,Air,Adult,60,0.21,S. BUYS WHOLESALER,DDP,Weight Captured Separately
13862,ASN-30384,Stat-Pak,Burundi,18-Feb-15,18-Feb-15,MIssing,Test kit,Yes,865.67,Direct Drop,"HIV 1/2, Stat-Pak Dipstick Assay Kit, 30 Tests",19.33,595,16422.0,PMO - US,Chembio Diagnostics Sys. Inc.,"HIV 1/2, Stat-Pak Dipstick Assay Kit",27.6,11-12-14,SCMS-260800,FPQ-15186,10/17/14,HRDT,102-BI-T30,18-Feb-15,Air,HIV test,30,0.92,"CHEMBIO DIAGNOSTIC SYSTEMS, INC.",EXW,63
12556,DN-1120,Generic,CÃte dIvoire,26-May-09,26-May-09,600mg,Tablet,Yes,11180.32,From RDC,"Efavirenz 600mg, tablets, 30 Tabs",757.49,36391,386472.42,PMO - US,"Aurobindo Unit III, India",Efavirenz,10.62,N/A - From RDC,SO-21840,Pre-PQ Process,Pre-PQ Process,ARV,104-CI-T01,26-May-09,Air,Adult,30,0.35,SCMS from RDC,N/A - From RDC,4156
10747,DN-1155,Truvada,Nigeria,29-Apr-09,29-Apr-09,300/200mg,Tablet - FDC,Yes,14974.4,From RDC,"Emtricitabine/Tenofovir Disoproxil Fumarate 200/300mg [Truvada], tablets, 30 Tabs",878.1,17067,448008.75,PMO - US,"Aspen-OSD, Port Elizabeth, SA",Emtricitabine/Tenofovir Disoproxil Fumarate,26.25,N/A - From RDC,SO-21786,Pre-PQ Process,Pre-PQ Process,ARV,151-NG-T01,29-Apr-09,Air,Adult,30,0.88,SCMS from RDC,N/A - From RDC,1481
11524,DN-540,Generic,Ethiopia,16-Jan-08,16-Jan-08,150mg,Tablet,Yes,11339.5,From RDC,"Lamivudine 150mg, tablets, 60 Tabs",143.49,29500,89680.0,PMO - US,"Ranbaxy, Paonta Shahib, India",Lamivudine,3.04,N/A - From RDC,SO-1523,Pre-PQ Process,Pre-PQ Process,ARV,117-ET-T01,20-Dec-07,Air,Adult,60,0.05,SCMS from RDC,N/A - From RDC,1650
4798,ASN-3553,Stocrin/Sustiva,South Africa,09-Oct-08,09-Oct-08,50mg,Capsule,No,Freight Included in Commodity Cost,Direct Drop,"Efavirenz 50mg [Stocrin/Sustiva], capsule, 30 Caps",1.16,200,592.0,PMO - US,"MSD Midrand, Jburg, SA",Efavirenz,2.96,Date Not Captured,SCMS-33320,Pre-PQ Process,Pre-PQ Process,ARV,116-ZA-T01,17-May-09,Truck,Pediatric,30,0.1,S. BUYS WHOLESALER,DDP,Weight Captured Separately
10632,DN-417,Generic,Zambia,02-Nov-07,02-Nov-07,150/300mg,Tablet - FDC,Yes,13267.3,From RDC,"Lamivudine/Zidovudine 150/300mg, tablets, 60 Tabs",611.72,40245,382327.5,PMO - US,"Cipla, Goa, India",Lamivudine/Zidovudine,9.5,N/A - From RDC,SO-1122,Pre-PQ Process,Pre-PQ Process,ARV,110-ZM-T01,02-Nov-07,Air,Adult,60,0.16,SCMS from RDC,N/A - From RDC,3254
4189,ASN-1251,Retrovir,South Africa,29-Jan-08,29-Jan-08,300mg,Tablet,No,Freight Included in Commodity Cost,Direct Drop,"Zidovudine 300mg [Retrovir], tablets, 60 Tabs",24.65,800,15408.0,PMO - US,GSK Aranda,Zidovudine,19.26,11-12-07,SCMS-14050,Pre-PQ Process,Pre-PQ Process,ARV,116-ZA-T01,29-Jan-08,MIssing,Adult,60,0.32,"JSI R&T INSTITUTE, INC.",DDP,Weight Captured Separately
11972,DN-1238,Generic,Swaziland,21-May-09,21-May-09,150/300/200mg,Tablet - FDC,No,See DN-1238 (ID#:11046),From RDC,"Lamivudine/Nevirapine/Zidovudine 150/200/300mg, tablets, 60 Tabs",302.55,13600,154360.0,PMO - US,"Aurobindo Unit III, India",Lamivudine/Nevirapine/Zidovudine,11.35,N/A - From RDC,SO-30790,Pre-PQ Process,Pre-PQ Process,ARV,100-SZ-T01,21-May-09,Air,Adult,60,0.19,SCMS from RDC,N/A - From RDC,See DN-1238 (ID#:11046)
12532,DN-938,Generic,Zambia,06-Oct-08,06-Oct-08,600mg,Tablet,Yes,4579.42,From RDC,"Efavirenz 600mg, tablets, 30 Tabs",960.8,50000,600500.0,PMO - US,Mylan (formerly Matrix) Nashik,Efavirenz,12.01,N/A - From RDC,SO-2482,Pre-PQ Process,Pre-PQ Process,ARV,110-ZM-T01,06-Oct-08,Truck,Adult,30,0.4,SCMS from RDC,N/A - From RDC,3817
12120,DN-415,Uni-Gold,Mozambique,30-Nov-07,30-Nov-07,MIssing,Test kit,Yes,10698.63,From RDC,"HIV 1/2, Uni-Gold HIV Kit, 20 Tests",178.18,3480,111360.0,PMO - US,"Trinity Biotech, Plc","HIV 1/2, Uni-Gold HIV Kit",32.0,N/A - From RDC,SO-1064,Pre-PQ Process,Pre-PQ Process,HRDT,111-MZ-T01,30-Nov-07,Air,HIV test,20,1.6,SCMS from RDC,N/A - From RDC,2766
12517,DN-763,Generic,Tanzania,09-Jul-08,09-Jul-08,600mg,Tablet,No,See DN-763 (ID#:10982),From RDC,"Efavirenz 600mg, tablets, 30 Tabs",2015.92,101445,1259946.9,PMO - US,"Aurobindo Unit III, India",Efavirenz,12.42,N/A - From RDC,SO-1696,Pre-PQ Process,Pre-PQ Process,ARV,109-TZ-T01,09-Jul-08,Air,Adult,30,0.41,SCMS from RDC,N/A - From RDC,See DN-763 (ID#:10982)
8315,ASN-1463,OraQuick,Haiti,29-Mar-08,29-Mar-08,MIssing,Test kit,Yes,2556.61,Direct Drop,"HIV 1/2, OraQuick Advance HIV Rapid Antibody Kit, 100 Tests",16.8,30,10500.0,PMO - US,"Pacific Biotech, Thailand","HIV 1/2, OraQuick Advance HIV Rapid Antibody Kit",350.0,2/27/08,SCMS-18270,Pre-PQ Process,Pre-PQ Process,HRDT,106-HT-T01,29-Mar-08,Air,HIV test,100,3.5,Orasure Technologies Inc.,EXW,72
1512,ASN-1251,Kaletra,South Africa,29-Jan-08,29-Jan-08,80/20mg/ml,Oral solution,No,Freight Included in Commodity Cost,Direct Drop,"Lopinavir/Ritonavir 80/20mg/ml [Kaletra], oral solution, cool, Bottle 5 x 60 ml",2.32,30,1447.8,PMO - US,ABBVIE (Abbott) Logis. UK,Lopinavir/Ritonavir,48.26,11-12-07,SCMS-14050,Pre-PQ Process,Pre-PQ Process,ARV,116-ZA-T01,29-Jan-08,MIssing,Pediatric,300,0.16,"JSI R&T INSTITUTE, INC.",DDP,Weight Captured Separately
5042,ASN-3624,Generic,South Africa,23-Dec-08,23-Dec-08,600mg,Tablet,No,Freight Included in Commodity Cost,Direct Drop,"Efavirenz 600mg, tablets, 30 Tabs",201.11,6215,102609.65,PMO - US,"Aurobindo Unit III, India",Efavirenz,16.51,Date Not Captured,SCMS-41060,Pre-PQ Process,Pre-PQ Process,ARV,116-ZA-T01,05-May-09,Air,Adult,30,0.55,S. BUYS WHOLESALER,DDP,Weight Captured Separately
11927,DN-885,Uni-Gold,Sierra Leone,22-Aug-08,22-Aug-08,MIssing,Test kit,Yes,7795,From RDC,"HIV 1/2, Uni-Gold HIV Kit, 20 Tests",25.6,500,16000.0,PMO - US,"Trinity Biotech, Plc","HIV 1/2, Uni-Gold HIV Kit",32.0,N/A - From RDC,SO-12770,Pre-PQ Process,Pre-PQ Process,HRDT,100-SL-T01,22-Aug-08,Air,HIV test,20,1.6,SCMS from RDC,N/A - From RDC,163
12557,DN-1120,Generic,CÃte dIvoire,26-May-09,26-May-09,10mg/ml,Oral solution,No,See DN-1120 (ID#:12556),From RDC,"Lamivudine 10mg/ml, oral solution, Bottle, 240 ml",11.4,3060,5814.0,PMO - US,"Aurobindo Unit III, India",Lamivudine,1.9,N/A - From RDC,SO-21840,Pre-PQ Process,Pre-PQ Process,ARV,104-CI-T01,26-May-09,Air,Pediatric,240,0.01,SCMS from RDC,N/A - From RDC,See DN-1120 (ID#:12556)
3456,ASN-3313,Generic,Vietnam,23-Feb-09,23-Feb-09,150mg,Tablet,Yes,3854.23,Direct Drop,"Lamivudine 150mg, tablets, 60 Tabs",28.96,6156,14774.4,PMO - US,"Aurobindo Unit III, India",Lamivudine,2.4,10/21/08,SCMS-31730,Pre-PQ Process,Pre-PQ Process,ARV,108-VN-T01,23-Feb-09,Air,Adult,60,0.04,Aurobindo Pharma Limited,EXW,1044
11926,DN-1034,Generic,Mozambique,21-Feb-09,21-Feb-09,600mg,Tablet,No,See DN-1034 (ID#:10732),From RDC,"Efavirenz 600mg, tablets, 30 Tabs",524.99,24350,267850.0,PMO - US,"Aurobindo Unit III, India",Efavirenz,11.0,N/A - From RDC,SO-15080,Pre-PQ Process,Pre-PQ Process,ARV,111-MZ-T01,21-Feb-09,Air,Adult,30,0.37,SCMS from RDC,N/A - From RDC,See DN-1034 (ID#:10732)
12176,DN-835,Generic,Uganda,04-Aug-08,04-Aug-08,150/300/200mg,Tablet - FDC,Yes,3182.52,From RDC,"Lamivudine/Nevirapine/Zidovudine 150/200/300mg, tablets, 60 Tabs",155.03,7296,96890.88,PMO - US,"Aurobindo Unit III, India",Lamivudine/Nevirapine/Zidovudine,13.28,N/A - From RDC,SO-2675,Pre-PQ Process,Pre-PQ Process,ARV,114-UG-T01,04-Aug-08,Air,Adult,60,0.22,SCMS from RDC,N/A - From RDC,824
11147,DN-250,LAV,CÃte dIvoire,27-Jul-07,27-Jul-07,MIssing,Test kit,Yes,1607,From RDC,"HIV 2, New LAV Blot 2 HIV Kit, 18 Tests",5.92,12,3698.04,PMO - US,Bio-Rad Laboratories,"HIV 2, New LAV Blot 2 HIV Kit",308.17,N/A - From RDC,SO-529,Pre-PQ Process,Pre-PQ Process,HRDT,104-CI-T01,27-Jul-07,MIssing,HIV test,18,17.12,SCMS from RDC,N/A - From RDC,46
10498,ASN-4819,Retrovir,South Africa,21-Jul-09,21-Jul-09,300mg,Tablet,No,Freight Included in Commodity Cost,Direct Drop,"Zidovudine 300mg [Retrovir], tablets, 60 Tabs",16.9,550,8624.0,PMO - US,GSK Ware (UK),Zidovudine,15.68,06-05-09,SCMS-47050,Pre-PQ Process,Pre-PQ Process,ARV,116-ZA-T01,12-Oct-09,Truck,Adult,60,0.26,S. BUYS WHOLESALER,DDP,Weight Captured Separately
11851,DN-559,Aluvia,Tanzania,25-Feb-08,25-Feb-08,200/50mg,Tablet,No,See DN-559 (ID#:10940),From RDC,"Lopinavir/Ritonavir 200/50mg [Aluvia], tablets, 120 Tabs",169.66,2580,106038.0,PMO - US,ABBVIE (Abbott) Logis. UK,Lopinavir/Ritonavir,41.1,N/A - From RDC,SO-1648,Pre-PQ Process,Pre-PQ Process,ARV,109-TZ-T01,25-Feb-08,Air,Adult,120,0.34,SCMS from RDC,N/A - From RDC,See DN-559 (ID#:10940)
12276,DN-1214,Generic,Zimbabwe,12-May-09,12-May-09,150/30mg,Tablet - FDC,Yes,2698.04,From RDC,"Lamivudine/Stavudine 150/30mg, tablets, 60 Tabs",31.36,4000,16000.0,PMO - US,"Cipla, Goa, India",Lamivudine/Stavudine,4.0,N/A - From RDC,SO-18111,Pre-PQ Process,Pre-PQ Process,ARV,113-ZW-T01,12-May-09,Air,Adult,60,0.07,SCMS from RDC,N/A - From RDC,305
11053,DN-1263,Generic,Nigeria,16-Jun-09,16-Jun-09,150/200/30mg,Tablet - FDC,Yes,7329.83,From RDC,"Lamivudine/Nevirapine/Stavudine 150/200/30mg, tablets, 60 Tabs",303.73,21765,154966.8,PMO - US,"Strides, Bangalore, India.",Lamivudine/Nevirapine/Stavudine,7.12,N/A - From RDC,SO-24482,Pre-PQ Process,Pre-PQ Process,ARV,123-NG-T01,16-Jun-09,Air Charter,Adult,60,0.12,SCMS from RDC,N/A - From RDC,1984
598,ASN-2295,Ziagen,South Africa,09-Jun-08,09-Jun-08,300mg,Tablet - blister,Yes,Freight Included in Commodity Cost,Direct Drop,"Abacavir 300mg [Ziagen], tablets, Blister 6 x 10 Tabs",1.68,30,1049.4,PMO - US,GSK Ware (UK),Abacavir,34.98,Date Not Captured,SCMS-25540,Pre-PQ Process,Pre-PQ Process,ARV,116-ZA-T01,12-Jun-08,Truck,Adult,60,0.58,S. BUYS WHOLESALER,DDP,Weight Captured Separately
11100,DN-122,Generic,Zambia,04-May-07,04-May-07,300mg,Tablet,Yes,18375.7,From RDC,"Abacavir 300mg, tablets, 60 Tabs",MIssing,1000,35800.0,PMO - US,"Aurobindo Unit III, India",Abacavir,35.8,N/A - From RDC,SO-310,Pre-PQ Process,Pre-PQ Process,ARV,110-ZM-T01,04-May-07,MIssing,Adult,60,0.6,SCMS from RDC,N/A - From RDC,4436
13915,ASN-25755,OraQuick,Cameroon,15-May-14,15-May-14,MIssing,Test kit,Yes,51331.09,Direct Drop,"HIV 1/2, OraQuick Rapid Antibody Kit, 100 Tests",432.95,1000,350000.0,PMO - US,"Orasure Technologies, Inc","HIV 1/2, OraQuick Rapid Antibody Kit",350.0,08-06-13,SCMS-200891,FPQ-12570,07-10-13,HRDT,800-CM-T30,15-May-14,Air,HIV test,100,3.5,Orasure Technologies Inc.,EXW,2090
11876,DN-744,Generic,Haiti,02-Jun-08,02-Jun-08,15mg,Capsule,No,See DN-744 (ID#:10684),From RDC,"Stavudine 15mg, capsules, 60 Caps",0.3,127,190.5,PMO - US,"Aurobindo Unit III, India",Stavudine,1.5,N/A - From RDC,SO-2053,Pre-PQ Process,Pre-PQ Process,ARV,106-HT-T01,02-Jun-08,Air,Adult,60,0.02,SCMS from RDC,N/A - From RDC,See DN-744 (ID#:10684)
13038,ASN-12172,Generic,South Africa,27-Oct-11,27-Oct-11,50mg,Capsule,Yes,10923.46,Direct Drop,"Efavirenz 50mg, capsule, 30 Caps",220.5,54768,133633.92,PMO - US,"Aurobindo Unit III, India",Efavirenz,2.44,3/24/11,SCMS-103410,FPQ-7175,03-10-11,ARV,161-ZA-T30,14-Sep-11,Ocean,Pediatric,30,0.08,Aurobindo Pharma Limited,DDP,3237
11280,DN-1004,Uni-Gold,Pakistan,17-Nov-08,17-Nov-08,MIssing,Test kit,Yes,851.24,From RDC,"HIV 1/2, Uni-Gold HIV Kit, 20 Tests",1.57,25,800.0,PMO - US,"Trinity Biotech, Plc","HIV 1/2, Uni-Gold HIV Kit",32.0,N/A - From RDC,SO-14930,Pre-PQ Process,Pre-PQ Process,HRDT,100-PK-T01,17-Nov-08,Air,HIV test,20,1.6,SCMS from RDC,N/A - From RDC,19
11372,DN-93,Generic,Nigeria,17-Apr-07,17-Apr-07,150/300+200mg,Tablet - FDC + co-blister,No,See DN-93 (ID#:10546),From RDC,"Lamivudine/Zidovudine+Nevirapine 150/300+200mg, tablets, co-blister, 60+60 Tabs",MIssing,2703,55411.5,PMO - US,"Aspen-OSD, Port Elizabeth, SA",Lamivudine/Zidovudine+Nevirapine,20.5,N/A - From RDC,SO-341,Pre-PQ Process,Pre-PQ Process,ARV,112-NG-T01,17-Apr-07,MIssing,Adult,120,0.17,SCMS from RDC,N/A - From RDC,See DN-93 (ID#:10546)
11393,DN-182,Generic,Zambia,14-Jun-07,14-Jun-07,600mg,Tablet,No,See DN-182 (ID#:10562),From RDC,"Efavirenz 600mg, tablets, 30 Tabs",MIssing,25874,420711.24,PMO - US,"Aurobindo Unit III, India",Efavirenz,16.26,N/A - From RDC,SO-498,Pre-PQ Process,Pre-PQ Process,ARV,110-ZM-T01,14-Jun-07,MIssing,Adult,30,0.54,SCMS from RDC,N/A - From RDC,See DN-182 (ID#:10562)
2922,ASN-1251,Viread,South Africa,29-Jan-08,29-Jan-08,300mg,Tablet,No,Freight Included in Commodity Cost,Direct Drop,"Tenofovir Disoproxil Fumarate 300mg [Viread], tablets, 30 Tabs",0.86,20,535.2,PMO - US,"Aspen-OSD, Port Elizabeth, SA",Tenofovir Disoproxil Fumarate,26.76,11-12-07,SCMS-14050,Pre-PQ Process,Pre-PQ Process,ARV,116-ZA-T01,29-Jan-08,MIssing,Adult,30,0.89,"JSI R&T INSTITUTE, INC.",DDP,Weight Captured Separately
10610,DN-324,Norvir,CÃte dIvoire,31-Aug-07,31-Aug-07,100mg,Capsule,Yes,4602.4,From RDC,"Ritonavir 100mg [Norvir], capsules, cool, 4 x 84 Caps",15.04,245,9398.2,PMO - US,ABBVIE (Abbott) France,Ritonavir,38.36,N/A - From RDC,SO-997,Pre-PQ Process,Pre-PQ Process,ARV,104-CI-T01,31-Aug-07,MIssing,Adult,336,0.11,SCMS from RDC,N/A - From RDC,1468
7030,ASN-1984,Videx,Vietnam,17-Jul-08,17-Jul-08,25mg,Chewable/dispersible tablet,Yes,2211.05,Direct Drop,"Didanosine 25mg [Videx], chewable tablets, 60 Tabs",4.48,400,2800.0,PMO - US,"BMS Meymac, France",Didanosine,7.0,3/31/08,SCMS-20330,Pre-PQ Process,Pre-PQ Process,ARV,108-VN-T01,17-Jul-08,Air,Pediatric,60,0.12,BRISTOL-MYERS SQUIBB,CIP,82
11479,DN-607,Generic,Zambia,26-Feb-08,26-Feb-08,150/300mg,Tablet - FDC,Yes,19832.46,From RDC,"Lamivudine/Zidovudine 150/300mg, tablets, 60 Tabs",420.75,27681,262969.5,PMO - US,"Aurobindo Unit III, India",Lamivudine/Zidovudine,9.5,N/A - From RDC,SO-1363,Pre-PQ Process,Pre-PQ Process,ARV,110-ZM-T01,26-Feb-08,Air,Adult,60,0.16,SCMS from RDC,N/A - From RDC,2581
7748,ASN-4196,Generic,South Africa,14-Apr-09,14-Apr-09,1mg/ml,Oral solution,No,Freight Included in Commodity Cost,Direct Drop,"Stavudine 1mg/ml, powder for oral solution, 200 ml",6.17,1500,3150.0,PMO - US,"Aurobindo Unit III, India",Stavudine,2.1,3/27/09,SCMS-41581,Pre-PQ Process,Pre-PQ Process,ARV,116-ZA-T01,25-Jun-09,Air,Pediatric,200,0.01,S. BUYS WHOLESALER,DDP,Weight Captured Separately
11875,DN-800,Generic,Nigeria,19-Jun-08,19-Jun-08,150/200/30mg,Tablet - FDC,No,See DN-800 (ID#:10953),From RDC,"Lamivudine/Nevirapine/Stavudine 150/200/30mg, tablets, 60 Tabs",108.69,9180,67932.0,PMO - US,"Cipla, Goa, India",Lamivudine/Nevirapine/Stavudine,7.4,N/A - From RDC,SO-2726,Pre-PQ Process,Pre-PQ Process,ARV,112-NG-T01,19-Jun-08,Air,Adult,60,0.12,SCMS from RDC,N/A - From RDC,See DN-800 (ID#:10953)
10851,DN-259,Generic,Mozambique,21-Sep-07,21-Sep-07,1mg/ml,Oral solution,Yes,350.78,From RDC,"Stavudine 1mg/ml, powder for oral solution, 200 ml",0.38,165,239.25,PMO - US,"Aurobindo Unit III, India",Stavudine,1.45,N/A - From RDC,SO-382,Pre-PQ Process,Pre-PQ Process,ARV,111-MZ-T01,21-Sep-07,Air,Pediatric,200,0.01,SCMS from RDC,N/A - From RDC,15
11500,DN-492,Clearview,Namibia,30-Nov-07,30-Nov-07,MIssing,Test kit,Yes,870.4,From RDC,"HIV 1/2, Clearview Complete Kit, 25 Tests",12,100,7500.0,PMO - US,Inverness USA,"HIV 1/2, Clearview Complete Kit",75.0,N/A - From RDC,SO-1418,Pre-PQ Process,Pre-PQ Process,HRDT,119-NA-T01,30-Nov-07,Air,HIV test,25,3.0,SCMS from RDC,N/A - From RDC,61
11684,DN-1436,Generic,Nigeria,20-Oct-09,20-Oct-09,150/300/200mg,Tablet - FDC,Yes,9341.49,From RDC,"Lamivudine/Nevirapine/Zidovudine 150/200/300mg, tablets, 60 Tabs",113.06,5060,57684.0,PMO - US,"Aurobindo Unit III, India",Lamivudine/Nevirapine/Zidovudine,11.4,N/A - From RDC,SO-33335,Pre-PQ Process,Date Not Captured,ARV,151-NG-T01,20-Oct-09,Air Charter,Adult,60,0.19,SCMS from RDC,N/A - From RDC,570
10774,DN-1250,Generic,Zambia,15-Jun-09,15-Jun-09,300mg,Tablet,Yes,17384.76,From RDC,"Zidovudine 300mg, tablets, 60 Tabs",7.56,500,3855.0,PMO - US,"Aurobindo Unit III, India",Zidovudine,7.71,N/A - From RDC,SO-30300,Pre-PQ Process,Pre-PQ Process,ARV,110-ZM-T01,15-Jun-09,Truck,Adult,60,0.13,SCMS from RDC,N/A - From RDC,10681
7008,ASN-1665,Kaletra,South Africa,24-Apr-08,24-Apr-08,80/20mg/ml,Oral solution,No,Freight Included in Commodity Cost,Direct Drop,"Lopinavir/Ritonavir 80/20mg/ml [Kaletra], oral solution, cool, Bottle 5 x 60 ml",0.63,10,394.0,PMO - US,ABBVIE (Abbott) Logis. UK,Lopinavir/Ritonavir,39.4,2/20/08,SCMS-19800,Pre-PQ Process,Pre-PQ Process,ARV,116-ZA-T01,24-Apr-08,Truck,Pediatric,300,0.13,S. BUYS WHOLESALER,DDP,Weight Captured Separately
11535,DN-654,Generic,Tanzania,28-Mar-08,28-Mar-08,600mg,Tablet,Yes,14637,From RDC,"Efavirenz 600mg, tablets, 30 Tabs",993.54,49997,620962.74,PMO - US,"Aurobindo Unit III, India",Efavirenz,12.42,N/A - From RDC,SO-1942,Pre-PQ Process,Pre-PQ Process,ARV,109-TZ-T01,28-Mar-08,MIssing,Adult,30,0.41,SCMS from RDC,N/A - From RDC,4345
11186,DN-385,Determine,CÃte dIvoire,22-Oct-07,22-Oct-07,MIssing,Test kit,Yes,1642,From RDC,"HIV 1/2, Determine HIV Kit, without Lancets, 100 Tests",68.53,595,42834.05,PMO - US,Inverness Japan,"HIV 1/2, Determine HIV Kit, without Lancets",71.99,N/A - From RDC,SO-1113,Pre-PQ Process,Pre-PQ Process,HRDT,104-CI-T01,22-Oct-07,Air,HIV test,100,0.72,SCMS from RDC,N/A - From RDC,200
11006,DN-1100,Crixivan,Haiti,03-Mar-09,03-Mar-09,400mg,Capsule,No,See DN-1100 (ID#:11005),From RDC,"Indinavir 400mg [Crixivan], capsules, 180 Caps",5.49,56,2800.0,PMO - US,"MSD, Haarlem, NL",Indinavir,50.0,N/A - From RDC,SO-23750,Pre-PQ Process,Pre-PQ Process,ARV,106-HT-T01,03-Mar-09,Air,Adult,180,0.28,SCMS from RDC,N/A - From RDC,See DN-1100 (ID#:11005)
5050,ASN-3778,Zerit,South Africa,11-Feb-09,11-Feb-09,20mg,Capsule,Yes,Freight Included in Commodity Cost,Direct Drop,"Stavudine 20mg [Zerit], capsules, 60 Caps",2.31,300,1179.0,PMO - US,"BMS Meymac, France",Stavudine,3.93,Date Not Captured,SCMS-41180,Pre-PQ Process,Pre-PQ Process,ARV,116-ZA-T01,03-Apr-09,Air,Adult,60,0.07,S. BUYS WHOLESALER,DDP,Weight Captured Separately
11069,DN-1424,Generic,CÃte dIvoire,28-Sep-09,28-Sep-09,200mg,Tablet,Yes,7302.48,From RDC,"Nevirapine 200mg, tablets, 60 Tabs",49.63,8732,25322.8,PMO - US,Hetero Unit III Hyderabad IN,Nevirapine,2.9,N/A - From RDC,SO-33240,Pre-PQ Process,Date Not Captured,ARV,104-CI-T01,28-Sep-09,Air,Adult,60,0.05,SCMS from RDC,N/A - From RDC,485
9151,ASN-4303,Generic,Vietnam,11-Jul-09,11-Jul-09,150/200/30mg,Tablet - FDC,Yes,5209.46,Direct Drop,"Lamivudine/Nevirapine/Stavudine 150/200/30mg, tablets, 60 Tabs",256.56,19392,130896.0,PMO - US,"Cipla, Goa, India",Lamivudine/Nevirapine/Stavudine,6.75,4/29/09,SCMS-45010,Pre-PQ Process,Pre-PQ Process,ARV,108-VN-T01,11-Jul-09,Air,Adult,60,0.11,CIPLA LIMITED,EXW,1899
10710,DN-1045,Generic,Nigeria,19-Jan-09,19-Jan-09,30mg,Capsule,Yes,7363.73,From RDC,"Stavudine 30mg, capsules, 60 Caps",2.61,858,1329.9,PMO - US,"Aurobindo Unit III, India",Stavudine,1.55,N/A - From RDC,SO-19071,Pre-PQ Process,Pre-PQ Process,ARV,123-NG-T01,19-Jan-09,Truck,Adult,60,0.03,SCMS from RDC,N/A - From RDC,58
2686,ASN-276,Generic,Vietnam,14-Mar-07,14-Mar-07,10mg/ml,Oral solution,Yes,25124.12,Direct Drop,"Zidovudine 10mg/ml, oral solution, Bottle, 240 ml",MIssing,1000,5050.0,PMO - US,"Aurobindo Unit III, India",Zidovudine,5.05,11/14/06,SCMS-168,Pre-PQ Process,Pre-PQ Process,ARV,108-VN-T01,14-Mar-07,Air,Pediatric,240,0.02,Aurobindo Pharma Limited,EXW,3822
1919,ASN-2562,Generic,Vietnam,03-Oct-08,03-Oct-08,30mg,Capsule,Yes,5822.44,Direct Drop,"Stavudine 30mg, capsules, 60 Caps",41.83,18030,26143.5,PMO - US,"Aurobindo Unit III, India",Stavudine,1.45,07-03-08,SCMS-26190,Pre-PQ Process,Pre-PQ Process,ARV,108-VN-T01,03-Oct-08,Air,Adult,60,0.02,Aurobindo Pharma Limited,EXW,1114
10714,DN-1036,Generic,Mozambique,21-Feb-09,21-Feb-09,150/200/30mg,Tablet - FDC,Yes,3671.92,From RDC,"Lamivudine/Nevirapine/Stavudine 150/200/30mg, tablets, 60 Tabs",452.53,32067,230882.4,PMO - US,"Strides, Bangalore, India.",Lamivudine/Nevirapine/Stavudine,7.2,N/A - From RDC,SO-15082,Pre-PQ Process,Pre-PQ Process,ARV,111-MZ-T01,26-Feb-09,Air,Adult,60,0.12,SCMS from RDC,N/A - From RDC,2382
11861,DN-737,Generic,Nigeria,14-May-08,14-May-08,300mg,Tablet,No,See DN-737 (ID#:11533),From RDC,"Zidovudine 300mg, tablets, 60 Tabs",39.36,3075,24600.0,PMO - US,"Aurobindo Unit III, India",Zidovudine,8.0,N/A - From RDC,SO-2575,Pre-PQ Process,Pre-PQ Process,ARV,131-NG-T01,14-May-08,Air,Adult,60,0.13,SCMS from RDC,N/A - From RDC,See DN-737 (ID#:11533)
10771,DN-1242,Generic,CÃte dIvoire,17-Jun-09,17-Jun-09,200mg,Tablet,Yes,2280.64,From RDC,"Nevirapine 200mg, tablets, 60 Tabs",32.93,5601,16803.0,PMO - US,"Aurobindo Unit III, India",Nevirapine,3.0,N/A - From RDC,SO-21881,Pre-PQ Process,Pre-PQ Process,ARV,104-CI-T01,17-Jun-09,Air,Adult,60,0.05,SCMS from RDC,N/A - From RDC,545
11462,DN-373,Generic,Nigeria,20-Sep-07,20-Sep-07,150/300mg,Tablet - FDC,No,See DN-373 (ID#:10623),From RDC,"Lamivudine/Zidovudine 150/300mg, tablets, 60 Tabs",3.91,229,2445.72,PMO - US,"Aurobindo Unit III, India",Lamivudine/Zidovudine,10.68,N/A - From RDC,SO-565,Pre-PQ Process,Pre-PQ Process,ARV,112-NG-T01,20-Sep-07,Air,Adult,60,0.18,SCMS from RDC,N/A - From RDC,See DN-373 (ID#:10623)
12290,DN-1263,Generic,Nigeria,16-Jun-09,16-Jun-09,150/200/30mg,Tablet - FDC,No,See DN-1263 (ID#:11053),From RDC,"Lamivudine/Nevirapine/Stavudine 150/200/30mg, tablets, 60 Tabs",45.15,3235,23033.2,PMO - US,"Cipla, Goa, India",Lamivudine/Nevirapine/Stavudine,7.12,N/A - From RDC,SO-24482,Pre-PQ Process,Pre-PQ Process,ARV,123-NG-T01,16-Jun-09,Air Charter,Adult,60,0.12,SCMS from RDC,N/A - From RDC,See DN-1263 (ID#:11053)
5635,ASN-1660,OraQuick,Lesotho,14-Jul-08,14-Jul-08,MIssing,Test kit,Yes,587.63,Direct Drop,"HIV 1/2, OraQuick Advance HIV Rapid Antibody Kit, 100 Tests",3.92,7,2450.0,PMO - US,"Pacific Biotech, Thailand","HIV 1/2, OraQuick Advance HIV Rapid Antibody Kit",350.0,2/27/08,SCMS-18370,Pre-PQ Process,Pre-PQ Process,HRDT,102-LS-T01,14-Jul-08,Air,HIV test,100,3.5,Orasure Technologies Inc.,EXW,17
12408,DN-368,Generic,Zambia,02-Oct-07,02-Oct-07,200mg,Capsule,Yes,723.59,From RDC,"Efavirenz 200mg, capsule, 90 Caps",15.46,604,9664.0,PMO - US,"Aurobindo Unit III, India",Efavirenz,16.0,N/A - From RDC,SO-1066,Pre-PQ Process,Pre-PQ Process,ARV,110-ZM-T01,02-Oct-07,MIssing,Pediatric,90,0.18,SCMS from RDC,N/A - From RDC,72
1513,ASN-1251,Videx EC,South Africa,29-Jan-08,29-Jan-08,400mg,Delayed-release capsules - blister,No,Freight Included in Commodity Cost,Direct Drop,"Didanosine EC 400mg [Videx EC], delayed-release capsules, Blister 3 x 10 Caps",4.56,100,2850.0,PMO - US,"BMS Meymac, France",Didanosine EC,28.5,11-12-07,SCMS-14050,Pre-PQ Process,Pre-PQ Process,ARV,116-ZA-T01,29-Jan-08,MIssing,Adult,30,0.95,"JSI R&T INSTITUTE, INC.",DDP,Weight Captured Separately
11003,DN-1069,Stocrin/Sustiva,CÃte dIvoire,11-Feb-09,11-Feb-09,30mg/ml,Oral solution,Yes,3409.91,From RDC,"Efavirenz 30mg/ml [Stocrin/Sustiva], oral solution, Bottle, 180 ml",108.73,3271,55476.16,PMO - US,"MSD, Haarlem, NL",Efavirenz,16.96,N/A - From RDC,SO-16220,Pre-PQ Process,Pre-PQ Process,ARV,104-CI-T01,11-Feb-09,Air,Pediatric,180,0.09,SCMS from RDC,N/A - From RDC,933
12300,DN-1332,Generic,Mozambique,27-Aug-09,27-Aug-09,150/30mg,Tablet - FDC,No,See DN-1332 (ID#:11663),From RDC,"Lamivudine/Stavudine 150/30mg, tablets, 60 Tabs",172.05,23100,87780.0,PMO - US,"Cipla, Goa, India",Lamivudine/Stavudine,3.8,N/A - From RDC,SO-26423,Pre-PQ Process,Date Not Captured,ARV,111-MZ-T01,27-Aug-09,Truck,Adult,60,0.06,SCMS from RDC,N/A - From RDC,See DN-1332 (ID#:11663)
12667,DN-268,Generic,CÃte dIvoire,14-Aug-07,14-Aug-07,10mg/ml,Oral solution,No,See DN-268 (ID#:12074),From RDC,"Zidovudine 10mg/ml, oral solution, Bottle, 240 ml",32.08,5076,20050.2,PMO - US,"Aurobindo Unit III, India",Zidovudine,3.95,N/A - From RDC,SO-524,Pre-PQ Process,Pre-PQ Process,ARV,104-CI-T01,14-Aug-07,MIssing,Pediatric,240,0.02,SCMS from RDC,N/A - From RDC,See DN-268 (ID#:12074)
11507,DN-535,Generic,Nigeria,09-Jan-08,09-Jan-08,150mg,Tablet,No,See DN-535 (ID#:10658),From RDC,"Lamivudine 150mg, tablets, 60 Tabs",2.19,451,1371.04,PMO - US,"Aurobindo Unit III, India",Lamivudine,3.04,N/A - From RDC,SO-1570,Pre-PQ Process,Pre-PQ Process,ARV,112-NG-T01,09-Jan-08,Air,Adult,60,0.05,SCMS from RDC,N/A - From RDC,See DN-535 (ID#:10658)
8922,ASN-4381,Aluvia,Tanzania,11-Aug-09,11-Aug-09,200/50mg,Tablet,No,See ASN-4381 (ID#:4949),Direct Drop,"Lopinavir/Ritonavir 200/50mg [Aluvia], tablets, 120 Tabs",4.83,60,2466.0,PMO - US,ABBVIE Ludwigshafen Germany,Lopinavir/Ritonavir,41.1,02-05-09,SCMS-38410,Pre-PQ Process,Pre-PQ Process,ARV,109-TZ-T01,11-Aug-09,Air,Adult,120,0.34,ABBVIE LOGISTICS (FORMERLY ABBOTT LOGISTICS BV),FCA,See ASN-4381 (ID#:4949)
11765,DN-319,Generic,Zambia,29-Aug-07,29-Aug-07,20mg,Capsule,Yes,5663,From RDC,"Stavudine 20mg, capsules, 60 Caps",3.13,1119,1958.25,PMO - US,"Aurobindo Unit III, India",Stavudine,1.75,N/A - From RDC,SO-908,Pre-PQ Process,Pre-PQ Process,ARV,110-ZM-T01,29-Aug-07,Air,Adult,60,0.03,SCMS from RDC,N/A - From RDC,1581
10677,DN-759,Generic,Namibia,19-Jun-08,19-Jun-08,600mg,Tablet,Yes,4528.5,From RDC,"Efavirenz 600mg, tablets, 30 Tabs",467.33,24320,292083.2,PMO - US,"Aurobindo Unit III, India",Efavirenz,12.01,N/A - From RDC,SO-1765,Pre-PQ Process,Pre-PQ Process,ARV,119-NA-T01,19-Jun-08,Air,Adult,30,0.4,SCMS from RDC,N/A - From RDC,2094
9655,ASN-1665,Stocrin/Sustiva,South Africa,24-Apr-08,24-Apr-08,200mg,Capsule,No,Freight Included in Commodity Cost,Direct Drop,"Efavirenz 200mg [Stocrin/Sustiva], capsule, 90 Caps",3.6,80,2252.0,PMO - US,"MSD Midrand, Jburg, SA",Efavirenz,28.15,2/20/08,SCMS-19800,Pre-PQ Process,Pre-PQ Process,ARV,116-ZA-T01,24-Apr-08,Truck,Pediatric,90,0.31,S. BUYS WHOLESALER,DDP,Weight Captured Separately
9096,ASN-3894,Bioline,Kenya,20-May-09,20-May-09,MIssing,Test kit,Yes,11653.64,Direct Drop,"HIV 1/2, Bioline 3.0 Kit, (no accessories), 30 Tests",235.2,5000,120000.0,PMO - US,"Standard Diagnostics, Korea","HIV 1/2, Bioline 3.0 Kit (no accessories)",24.0,04-04-09,SCMS-42990,Pre-PQ Process,Pre-PQ Process,HRDT,102-KE-T01,20-May-09,Air,HIV test,30,0.8,"Standard Diagnostics, Inc.",EXW,1558
11344,DN-1354,Generic,CÃte dIvoire,11-Aug-09,11-Aug-09,600mg,Tablet,Yes,1854.88,From RDC,"Efavirenz 600mg, tablets, 30 Tabs",95.45,5010,48697.2,PMO - US,"Aurobindo Unit III, India",Efavirenz,9.72,N/A - From RDC,SO-27532,Pre-PQ Process,Date Not Captured,ARV,104-CI-T01,11-Aug-09,Air,Adult,30,0.32,SCMS from RDC,N/A - From RDC,434
11480,DN-609,Generic,CÃte dIvoire,19-Feb-08,19-Feb-08,600mg,Tablet,Yes,12349.51,From RDC,"Efavirenz 600mg, tablets, 30 Tabs",471.96,24561,294977.61,PMO - US,"Aurobindo Unit III, India",Efavirenz,12.01,N/A - From RDC,SO-1546,Pre-PQ Process,Pre-PQ Process,ARV,104-CI-T01,19-Feb-08,Air,Adult,30,0.4,SCMS from RDC,N/A - From RDC,7191
10769,DN-1235,Generic,Ghana,12-Aug-09,12-Aug-09,300mg,Tablet,Yes,Invoiced Separately,From RDC,"Abacavir 300mg, tablets, 60 Tabs",0.12,6133,61.33,PMO - US,Mylan (formerly Matrix) Nashik,Abacavir,0.01,N/A - From RDC,SO-30700,Pre-PQ Process,Date Not Captured,ARV,100-GH-T01,12-Aug-09,Truck,Adult,60,0.0,SCMS from RDC,N/A - From RDC,Weight Captured Separately
11008,DN-1115,Generic,Zimbabwe,06-Apr-09,06-Apr-09,150/200/30mg,Tablet - FDC,Yes,37040.86,From RDC,"Lamivudine/Nevirapine/Stavudine 150/200/30mg, tablets, 60 Tabs",1102.3,76000,562400.0,PMO - US,"Cipla, Goa, India",Lamivudine/Nevirapine/Stavudine,7.4,N/A - From RDC,SO-18100,Pre-PQ Process,Pre-PQ Process,ARV,113-ZW-T01,06-Apr-09,Truck,Adult,60,0.12,SCMS from RDC,N/A - From RDC,8848
10878,DN-332,Generic,Ethiopia,04-Sep-07,04-Sep-07,10mg/ml,Oral solution,No,See DN-332 (ID#:10613),From RDC,"Zidovudine 10mg/ml, oral solution, Bottle, 240 ml",47.64,13850,29777.5,PMO - US,"Aurobindo Unit III, India",Zidovudine,2.15,N/A - From RDC,SO-914,Pre-PQ Process,Pre-PQ Process,ARV,117-ET-T01,04-Sep-07,MIssing,Pediatric,240,0.01,SCMS from RDC,N/A - From RDC,See DN-332 (ID#:10613)
11868,DN-767,Generic,Zambia,17-Jun-08,17-Jun-08,200mg,Tablet,Yes,4217.45,From RDC,"Nevirapine 200mg, tablets, 60 Tabs",302.25,55560,188904.0,PMO - US,Hetero Unit III Hyderabad IN,Nevirapine,3.4,N/A - From RDC,SO-2488,Pre-PQ Process,Pre-PQ Process,ARV,110-ZM-T01,17-Jun-08,Truck,Adult,60,0.06,SCMS from RDC,N/A - From RDC,3224
11394,DN-186,Stocrin/Sustiva,Zambia,12-Jun-07,12-Jun-07,50mg,Capsule,Yes,505.17,From RDC,"Efavirenz 50mg [Stocrin/Sustiva], capsule, 30 Caps",MIssing,570,1977.9,PMO - US,"MSD Manati, Puerto Rico, (USA)",Efavirenz,3.47,N/A - From RDC,SO-479,Pre-PQ Process,Pre-PQ Process,ARV,110-ZM-T01,12-Jun-07,MIssing,Pediatric,30,0.12,SCMS from RDC,N/A - From RDC,26
12524,DN-1017,Generic,Guyana,21-Nov-08,21-Nov-08,150mg,Tablet,No,See DN-1017 (ID#:11564),From RDC,"Lamivudine 150mg, tablets, 60 Tabs",2.39,420,1218.0,PMO - US,"Aurobindo Unit III, India",Lamivudine,2.9,N/A - From RDC,SO-18470,Pre-PQ Process,Pre-PQ Process,ARV,105-GY-T01,21-Nov-08,Air,Adult,60,0.05,SCMS from RDC,N/A - From RDC,See DN-1017 (ID#:11564)
10799,DN-1480,Generic,Uganda,12-Oct-09,12-Oct-09,150/300/200mg,Tablet - FDC,Yes,9547.7,From RDC,"Lamivudine/Nevirapine/Zidovudine 150/200/300mg, tablets, 60 Tabs",312.91,14066,159649.1,PMO - US,"Aurobindo Unit III, India",Lamivudine/Nevirapine/Zidovudine,11.35,N/A - From RDC,SO-33400,Pre-PQ Process,Date Not Captured,ARV,114-UG-T01,12-Oct-09,Truck,Adult,60,0.19,SCMS from RDC,N/A - From RDC,1593
12628,DN-39,Generic,Zambia,28-Mar-07,28-Mar-07,600mg,Tablet,Yes,3807.29,From RDC,"Efavirenz 600mg, tablets, 30 Tabs",MIssing,16033,260536.25,PMO - US,"Aurobindo Unit III, India",Efavirenz,16.25,N/A - From RDC,SO-203,Pre-PQ Process,Pre-PQ Process,ARV,110-ZM-T01,28-Mar-07,MIssing,Adult,30,0.54,SCMS from RDC,N/A - From RDC,536
10576,DN-245,Determine,CÃte dIvoire,31-Jul-07,31-Jul-07,MIssing,Test kit,Yes,9789.07,From RDC,"HIV 1/2, Determine Complete HIV Kit, 100 Tests",0.26,2,160.0,PMO - US,ABBVIE GmbH & Co.KG Wiesbaden,"HIV 1/2, Determine Complete HIV Kit",80.0,N/A - From RDC,SO-781,Pre-PQ Process,Pre-PQ Process,HRDT,104-CI-T01,31-Jul-07,MIssing,HIV test,100,0.8,SCMS from RDC,N/A - From RDC,1
12150,DN-510,Generic,Zambia,14-Feb-08,14-Feb-08,300mg,Tablet,Yes,3303.52,From RDC,"Abacavir 300mg, tablets, 60 Tabs",363.44,8251,227150.03,PMO - US,"Aurobindo Unit III, India",Abacavir,27.53,N/A - From RDC,SO-1489,Pre-PQ Process,Pre-PQ Process,ARV,110-ZM-T01,14-Feb-08,Air,Adult,60,0.46,SCMS from RDC,N/A - From RDC,822
11071,DN-1460,Generic,CÃte dIvoire,07-Oct-09,07-Oct-09,200/300mg,Tablet - FDC,Yes,1234.91,From RDC,"Emtricitabine/Tenofovir Disoproxil Fumarate 200/300mg, tablets, 30 Tabs",13.27,576,6768.0,PMO - US,Mylan (formerly Matrix) Nashik,Emtricitabine/Tenofovir Disoproxil Fumarate,11.75,N/A - From RDC,SO-33231,Pre-PQ Process,Date Not Captured,ARV,104-CI-T01,07-Oct-09,Air,Adult,30,0.39,SCMS from RDC,N/A - From RDC,47
2463,ASN-3851,Generic,Rwanda,20-Apr-09,20-Apr-09,150/300mg,Tablet - FDC,Yes,853.88,Direct Drop,"Lamivudine/Zidovudine 150/300mg, tablets, 60 Tabs",139.83,7840,71344.0,PMO - US,"Cipla, Goa, India",Lamivudine/Zidovudine,9.1,10/21/08,SCMS-30312,Pre-PQ Process,Pre-PQ Process,ARV,107-RW-T01,20-Apr-09,Air,Adult,60,0.15,CIPLA LIMITED,CIP,719
3840,ASN-4594,Trizivir,CÃte dIvoire,11-Aug-09,11-Aug-09,300/150/300mg,Tablet - FDC,Yes,Freight Included in Commodity Cost,Direct Drop,"Abacavir/Lamivudine/Zidovudine 300/150/300mg [Trizivir], tablets, 60 Tabs",215.6,2048,109998.08,PMO - US,GSK Ware (UK),Abacavir/Lamivudine/Zidovudine,53.71,4/24/09,SCMS-44820,Pre-PQ Process,Pre-PQ Process,ARV,104-CI-T01,11-Aug-09,Air,Adult,60,0.9,GLAXOSMITHKLINE EXPORT LIMITED,CIP,Weight Captured Separately
11062,DN-1373,Generic,Haiti,31-Jul-09,31-Jul-09,50mg,Capsule,Yes,6811.39,From RDC,"Efavirenz 50mg, capsule, 30 Caps",4.79,1092,2446.08,PMO - US,"Aurobindo Unit III, India",Efavirenz,2.24,N/A - From RDC,SO-32760,Pre-PQ Process,Date Not Captured,ARV,106-HT-T01,31-Jul-09,Air,Pediatric,30,0.07,SCMS from RDC,N/A - From RDC,1585
12471,DN-610,Generic,CÃte dIvoire,19-Feb-08,19-Feb-08,150/200/30mg,Tablet - FDC,Yes,6778.91,From RDC,"Lamivudine/Nevirapine/Stavudine 150/200/30mg, tablets, 60 Tabs",421.5,35600,263440.0,PMO - US,"Cipla, Goa, India",Lamivudine/Nevirapine/Stavudine,7.4,N/A - From RDC,SO-1284,Pre-PQ Process,Pre-PQ Process,ARV,104-CI-T01,05-Feb-08,Air,Adult,60,0.12,SCMS from RDC,N/A - From RDC,3731
10342,ASN-3607,Zerit,South Africa,28-Nov-08,28-Nov-08,1mg/ml,Powder for oral solution,No,Freight Included in Commodity Cost,Direct Drop,"Stavudine 1mg/ml [Zerit], powder for oral solution, Bottle, 200 ml",0.41,180,210.6,PMO - US,"BMS Meymac, France",Stavudine,1.17,Date Not Captured,SCMS-40780,Pre-PQ Process,Pre-PQ Process,ARV,116-ZA-T01,17-Mar-09,Air,Pediatric,200,0.01,S. BUYS WHOLESALER,DDP,Weight Captured Separately
7327,ASN-2503,Epivir,South Africa,14-Aug-08,14-Aug-08,150mg,Tablet,No,Freight Included in Commodity Cost,Direct Drop,"Lamivudine 150mg [Epivir], tablets, 60 Tabs",12.74,1500,7965.0,PMO - US,GSK Cape Town Factory (South Africa),Lamivudine,5.31,Date Not Captured,SCMS-28830,Pre-PQ Process,Pre-PQ Process,ARV,116-ZA-T01,25-Aug-08,Truck,Adult,60,0.09,S. BUYS WHOLESALER,DDP,Weight Captured Separately
2305,ASN-3497,Atripla,Nigeria,08-Apr-09,08-Apr-09,600/200/300mg,Tablet - FDC,Yes,7933.38,Direct Drop,"Efavirenz/Emtricitabine/Tenofovir Disoproxil Fumarate 600/200/300mg [Atripla], tablets, 30 Tabs",2469.6,25000,1260000.0,PMO - US,"MSD, Haarlem, NL",Efavirenz/Emtricitabine/Tenofovir Disoproxil Fumarate,50.4,02-03-09,SCMS-37370,Pre-PQ Process,Pre-PQ Process,ARV,131-NG-T01,08-Apr-09,Air,Adult,30,1.68,MERCK SHARP & DOHME IDEA GMBH (FORMALLY MERCK SHARP & DOHME B.V.),CIP,2067
12902,DN-1372,Generic,Haiti,27-Aug-09,27-Aug-09,10mg/ml,Oral solution,Yes,11774.5,From RDC,"Zidovudine 10mg/ml, oral solution, Bottle, 240 ml",11.35,2757,5789.7,PMO - US,"Aurobindo Unit III, India",Zidovudine,2.1,N/A - From RDC,SO-32750,Pre-PQ Process,Date Not Captured,ARV,106-HT-T01,27-Aug-09,Air,Pediatric,240,0.01,SCMS from RDC,N/A - From RDC,1038
12219,DN-1083,Truvada,Uganda,03-Mar-09,03-Mar-09,300/200mg,Tablet - FDC,Yes,1742.25,From RDC,"Emtricitabine/Tenofovir Disoproxil Fumarate 200/300mg [Truvada], tablets, 30 Tabs",59.99,1166,30607.5,PMO - US,"Aspen-OSD, Port Elizabeth, SA",Emtricitabine/Tenofovir Disoproxil Fumarate,26.25,N/A - From RDC,SO-17750,Pre-PQ Process,Pre-PQ Process,ARV,114-UG-T01,03-Mar-09,Air,Adult,30,0.88,SCMS from RDC,N/A - From RDC,145
9937,ASN-2503,Videx,South Africa,14-Aug-08,14-Aug-08,2g,Powder for oral solution,No,Freight Included in Commodity Cost,Direct Drop,"Didanosine 2g [Videx], powder for oral solution 10mg/ml, reconstitute to 200 ml",0.2,10,125.4,PMO - US,"BMS Meymac, France",Didanosine,12.54,Date Not Captured,SCMS-28830,Pre-PQ Process,Pre-PQ Process,ARV,116-ZA-T01,25-Aug-08,Truck,Pediatric,200,0.06,S. BUYS WHOLESALER,DDP,Weight Captured Separately
5713,ASN-1669,Determine,CÃte dIvoire,09-May-08,09-May-08,MIssing,Test kit,Yes,1796.68,Direct Drop,"HIV 1/2, Determine HIV Kit, without Lancets, 100 Tests",28.8,250,17997.5,PMO - US,Inverness Japan,"HIV 1/2, Determine HIV Kit, without Lancets",71.99,04-07-08,SCMS-21270,Pre-PQ Process,Pre-PQ Process,HRDT,104-CI-T01,09-May-08,Air,HIV test,100,0.72,"Orgenics, Ltd",EXW,57
10712,DN-1035,Generic,Mozambique,21-Feb-09,21-Feb-09,150/200/30mg,Tablet - FDC,Yes,3671.92,From RDC,"Lamivudine/Nevirapine/Stavudine 150/200/30mg, tablets, 60 Tabs",1764,125000,900000.0,PMO - US,"Strides, Bangalore, India.",Lamivudine/Nevirapine/Stavudine,7.2,N/A - From RDC,SO-15081,Pre-PQ Process,Pre-PQ Process,ARV,111-MZ-T01,21-Feb-09,Air,Adult,60,0.12,SCMS from RDC,N/A - From RDC,9228
12534,DN-994,Uni-Gold,Kenya,31-Oct-08,31-Oct-08,MIssing,Test kit,Yes,157.5,From RDC,"HIV 1/2, Uni-Gold HIV Kit, 20 Tests",78.4,1250,40000.0,PMO - US,"Trinity Biotech, Plc","HIV 1/2, Uni-Gold HIV Kit",32.0,N/A - From RDC,SO-11480,Pre-PQ Process,Pre-PQ Process,HRDT,102-KE-T01,31-Oct-08,Truck,HIV test,20,1.6,SCMS from RDC,N/A - From RDC,393
10692,DN-686,Determine,Haiti,03-Apr-08,03-Apr-08,MIssing,Test kit,No,See DN-686 (ID#:10691),From RDC,"HIV 1/2, Determine HIV Kit, without Lancets, 100 Tests",1.15,10,720.0,PMO - US,Inverness Japan,"HIV 1/2, Determine HIV Kit, without Lancets",72.0,N/A - From RDC,SO-1291,Pre-PQ Process,Pre-PQ Process,HRDT,125-HT-T01,03-Apr-08,Air,HIV test,100,0.72,SCMS from RDC,N/A - From RDC,See DN-686 (ID#:10691)
12620,DN-1549,Generic,Mozambique,06-Jan-10,06-Jan-10,30mg,Capsule,Yes,955.36,From RDC,"Stavudine 30mg, capsules, 60 Caps",2.31,735,1073.1,PMO - US,"Aurobindo Unit III, India",Stavudine,1.46,N/A - From RDC,SO-15520,Pre-PQ Process,Date Not Captured,ARV,111-MZ-T01,06-Jan-10,Air,Adult,60,0.02,SCMS from RDC,N/A - From RDC,47
10446,ASN-4660,Clearview,Namibia,01-Sep-09,01-Sep-09,MIssing,Test kit,Yes,238.56,Direct Drop,"HIV 1/2, Clearview Complete Kit, 25 Tests",4.85,33,2475.0,PMO - US,Chembio Diagnostics Sys. Inc.,"HIV 1/2, Clearview Complete Kit",75.0,05-04-09,SCMS-45430,Pre-PQ Process,Pre-PQ Process,HRDT,139-NA-T01,01-Sep-09,Air,HIV test,25,3.0,"Orgenics, Ltd",EXW,25
9025,ASN-3582,Generic,South Africa,30-Jan-09,30-Jan-09,150mg,Tablet,Yes,Freight Included in Commodity Cost,Direct Drop,"Lamivudine 150mg, tablets, 60 Tabs",12.87,1200,6564.0,PMO - US,"Aurobindo Unit III, India",Lamivudine,5.47,Date Not Captured,SCMS-40870,Pre-PQ Process,Pre-PQ Process,ARV,116-ZA-T01,30-Jun-09,Air,Adult,60,0.09,S. BUYS WHOLESALER,DDP,Weight Captured Separately
3976,ASN-200,Bioline,Zambia,20-Feb-07,20-Feb-07,MIssing,Test kit,Yes,963.73,Direct Drop,"HIV 1/2, Bioline 3.0 Kit, Lancets, Capillary pipets, Alcohol swabs included, 25 Tests",MIssing,400,8000.0,PMO - US,"Standard Diagnostics, Korea","HIV 1/2, Bioline 3.0 Kit, Lancets, Capillary pipets, Alcohol swabs included",20.0,Date Not Captured,SCMS-352,Pre-PQ Process,Pre-PQ Process,HRDT,110-ZM-T01,20-Feb-07,Air,HIV test,25,0.8,"Standard Diagnostics, Inc.",EXW,134
11338,DN-1335,Generic,CÃte dIvoire,16-Jul-09,16-Jul-09,150/30mg,Tablet - FDC,Yes,2787.55,From RDC,"Lamivudine/Stavudine 150/30mg, tablets, 60 Tabs",71.2,9560,36328.0,PMO - US,Mylan (formerly Matrix) Nashik,Lamivudine/Stavudine,3.8,N/A - From RDC,SO-32250,Pre-PQ Process,Date Not Captured,ARV,104-CI-T01,16-Jul-09,Air,Adult,60,0.06,SCMS from RDC,N/A - From RDC,722
2766,ASN-744,Generic,Vietnam,02-Oct-07,02-Oct-07,10mg/ml,Oral solution,No,See ASN-744 (ID#:1356),Direct Drop,"Lamivudine 10mg/ml, oral solution, Bottle, 240 ml",1.52,500,950.0,PMO - US,"Aurobindo Unit III, India",Lamivudine,1.9,07-03-07,SCMS-749,Pre-PQ Process,Pre-PQ Process,ARV,108-VN-T01,02-Oct-07,Air,Pediatric,240,0.01,Aurobindo Pharma Limited,EXW,See ASN-744 (ID#:1356)
10622,DN-380,Determine,Zambia,17-Oct-07,17-Oct-07,MIssing,Test kit,Yes,2938.27,From RDC,"HIV 1/2, Determine Complete HIV Kit, 100 Tests",144.38,1128,90240.0,PMO - US,ABBVIE GmbH & Co.KG Wiesbaden,"HIV 1/2, Determine Complete HIV Kit",80.0,N/A - From RDC,SO-535,Pre-PQ Process,Pre-PQ Process,HRDT,110-ZM-T01,17-Oct-07,MIssing,HIV test,100,0.8,SCMS from RDC,N/A - From RDC,629
12548,DN-917,Generic,Nigeria,24-Sep-08,24-Sep-08,600mg,Tablet,No,See DN-917 (ID#:10745),From RDC,"Efavirenz 600mg, tablets, 30 Tabs",36.7,1957,22936.04,PMO - US,"Aurobindo Unit III, India",Efavirenz,11.72,N/A - From RDC,SO-2728,Pre-PQ Process,Pre-PQ Process,ARV,112-NG-T01,24-Sep-08,Air,Adult,30,0.39,SCMS from RDC,N/A - From RDC,See DN-917 (ID#:10745)
12510,DN-760,Generic,Kenya,26-May-08,26-May-08,MIssing,Test kit - Ancillary,No,See DN-760 (ID#:12207),From RDC,"HIV, Lancet, Safety, for HIV Test kits, 100 Pcs",0.02,1000,10.0,PMO - US,Inverness Japan,"HIV, Lancet, Safety, for HIV Test kits, 100 Pcs",0.01,N/A - From RDC,SO-2692,Pre-PQ Process,Pre-PQ Process,HRDT,102-KE-T01,26-May-08,Truck,HIV test - Ancillary,100,0.0,SCMS from RDC,N/A - From RDC,See DN-760 (ID#:12207)
5324,ASN-343,Uni-Gold,Guyana,30-Apr-07,30-Apr-07,MIssing,Test kit,Yes,5240.47,Direct Drop,"HIV 1/2, Uni-Gold HIV Kit, 20 Tests",MIssing,1000,32000.0,PMO - US,"Trinity Biotech, Plc","HIV 1/2, Uni-Gold HIV Kit",32.0,04-02-07,SCMS-526,Pre-PQ Process,Pre-PQ Process,HRDT,102-GY-T01,30-Apr-07,Air,HIV test,20,1.6,"Trinity Biotech, Plc",EXW,337
11807,DN-414,Generic,Zambia,12-Nov-07,12-Nov-07,10mg/ml,Oral solution,Yes,17358.74,From RDC,"Lamivudine 10mg/ml, oral solution, Bottle, 240 ml",41.37,13124,25854.28,PMO - US,"Aurobindo Unit III, India",Lamivudine,1.97,N/A - From RDC,SO-995,Pre-PQ Process,Pre-PQ Process,ARV,110-ZM-T01,12-Nov-07,Air,Pediatric,240,0.01,SCMS from RDC,N/A - From RDC,5309
10986,DN-922,Generic,Tanzania,21-Oct-08,21-Oct-08,150/200/30mg,Tablet - FDC,Yes,52979.7,From RDC,"Lamivudine/Nevirapine/Stavudine 150/200/30mg, tablets, 60 Tabs",1069.42,90323,668390.2,PMO - US,"Cipla, Goa, India",Lamivudine/Nevirapine/Stavudine,7.4,N/A - From RDC,SO-13190,Pre-PQ Process,Pre-PQ Process,ARV,109-TZ-T01,21-Oct-08,Air,Adult,60,0.12,SCMS from RDC,N/A - From RDC,9635
8186,ASN-1251,Epivir,South Africa,29-Jan-08,29-Jan-08,150mg,Tablet,No,Freight Included in Commodity Cost,Direct Drop,"Lamivudine 150mg [Epivir], tablets, 60 Tabs",15.36,1500,9600.0,PMO - US,GSK Cape Town Factory (South Africa),Lamivudine,6.4,11-12-07,SCMS-14050,Pre-PQ Process,Pre-PQ Process,ARV,116-ZA-T01,29-Jan-08,MIssing,Adult,60,0.11,"JSI R&T INSTITUTE, INC.",DDP,Weight Captured Separately
10917,DN-522,Generic,Ethiopia,20-Feb-08,20-Feb-08,20mg,Capsule,Yes,472.5,From RDC,"Stavudine 20mg, capsules, 60 Caps",0.61,219,383.25,PMO - US,"Aurobindo Unit III, India",Stavudine,1.75,N/A - From RDC,SO-1527,Pre-PQ Process,Pre-PQ Process,ARV,117-ET-T01,20-Feb-08,Air,Adult,60,0.03,SCMS from RDC,N/A - From RDC,16
11665,DN-1339,Generic,Nigeria,04-Aug-09,04-Aug-09,150/300/200mg,Tablet - FDC,Yes,7445.8,From RDC,"Lamivudine/Nevirapine/Zidovudine 150/200/300mg, tablets, 60 Tabs",100.57,4501,51311.4,PMO - US,"Aurobindo Unit III, India",Lamivudine/Nevirapine/Zidovudine,11.4,N/A - From RDC,SO-32645,Pre-PQ Process,Date Not Captured,ARV,151-NG-T01,04-Aug-09,Air Charter,Adult,60,0.19,SCMS from RDC,N/A - From RDC,507
11515,DN-623,Generic,Zimbabwe,05-Mar-08,05-Mar-08,150/30mg,Tablet - FDC,No,See DN-623 (ID#:10925),From RDC,"Lamivudine/Stavudine 150/30mg, tablets, 30 Tabs",5.12,1600,3200.0,PMO - US,"Cipla, Goa, India",Lamivudine/Stavudine,2.0,N/A - From RDC,SO-712,Pre-PQ Process,Pre-PQ Process,ARV,100-ZW-T01,05-Mar-08,Air,Adult,30,0.07,SCMS from RDC,N/A - From RDC,See DN-623 (ID#:10925)
13903,ASN-24301,Generic,Tanzania,22-Mar-14,22-Mar-14,50mg,Capsule,Yes,3245.39,Direct Drop,"Efavirenz 50mg, capsule, 30 Caps",11.43,5925,9243.0,PMO - US,"Aurobindo Unit III, India",Efavirenz,1.56,10-08-13,SCMS-200851,FPQ-12588,7/15/13,ARV,109-TZ-T30,22-Mar-14,Air,Pediatric,30,0.05,Aurobindo Pharma Limited,EXW,394
11291,DN-990,Generic,Uganda,09-Dec-08,09-Dec-08,150/300mg,Tablet - FDC,No,See DN-990 (ID#:11001),From RDC,"Lamivudine/Zidovudine 150/300mg, tablets, 60 Tabs",20.96,1144,10696.4,PMO - US,"Aurobindo Unit III, India",Lamivudine/Zidovudine,9.35,N/A - From RDC,SO-17830,Pre-PQ Process,Pre-PQ Process,ARV,114-UG-T01,09-Dec-08,Air,Adult,60,0.16,SCMS from RDC,N/A - From RDC,See DN-990 (ID#:11001)
12166,DN-827,Generic,Haiti,16-Jul-08,16-Jul-08,200mg,Tablet,Yes,1651,From RDC,"Nevirapine 200mg, tablets, 60 Tabs",5.75,1057,3593.8,PMO - US,"Aurobindo Unit III, India",Nevirapine,3.4,N/A - From RDC,SO-2753,Pre-PQ Process,Pre-PQ Process,ARV,106-HT-T01,16-Jul-08,Air,Adult,60,0.06,SCMS from RDC,N/A - From RDC,100
10900,DN-383,Retrovir,Zambia,17-Oct-07,17-Oct-07,100mg,Capsule,Yes,1007.34,From RDC,"Zidovudine 100mg [Retrovir], capsules, 100 Caps",43.65,2623,27279.2,PMO - US,GSK Crawley,Zidovudine,10.4,N/A - From RDC,SO-207,Pre-PQ Process,Pre-PQ Process,ARV,110-ZM-T01,17-Oct-07,MIssing,Pediatric,100,0.1,SCMS from RDC,N/A - From RDC,159
9038,ASN-3759,Kaletra,South Africa,21-Nov-08,21-Nov-08,80/20mg/ml,Oral solution,No,Freight Included in Commodity Cost,Direct Drop,"Lopinavir/Ritonavir 80/20mg/ml [Kaletra], oral solution, cool, Bottle 5 x 60 ml",4.68,80,2388.8,PMO - US,ABBVIE (Abbott) Logis. UK,Lopinavir/Ritonavir,29.86,Date Not Captured,SCMS-41150,Pre-PQ Process,Pre-PQ Process,ARV,116-ZA-T01,01-Apr-09,Air,Pediatric,300,0.1,S. BUYS WHOLESALER,DDP,Weight Captured Separately
3970,ASN-170,First Response,Rwanda,17-Jan-07,17-Jan-07,MIssing,Test kit,Yes,5714.31,Direct Drop,"HIV 1/2/O, First Response HIV 1-2.0, v.3.0 Cards Kit, 30 Tests",MIssing,2000,42000.0,PMO - US,Premier Med. Corp Ltd. India,"HIV 1/2/O, First Response HIV 1-2.0, v.3.0 Cards Kit",21.0,12/28/06,SCMS-288,Pre-PQ Process,Pre-PQ Process,HRDT,107-RW-T01,17-Jan-07,Air,HIV test,30,0.7,Premier Medical Corporation Ltd.,EXW,600
11232,DN-708,Bioline,Zimbabwe,21-Apr-08,21-Apr-08,MIssing,Test kit,Yes,8008.65,From RDC,"HIV 1/2, Bioline 3.0 Kit, Lancets, Capillary pipets, Alcohol swabs included, 25 Tests",182.18,5693,113860.0,PMO - US,"Standard Diagnostics, Korea","HIV 1/2, Bioline 3.0 Kit, Lancets, Capillary pipets, Alcohol swabs included",20.0,N/A - From RDC,SO-1051,Pre-PQ Process,Pre-PQ Process,HRDT,113-ZW-T01,21-Apr-08,Truck,HIV test,25,0.8,SCMS from RDC,N/A - From RDC,1740
11258,DN-698,Generic,Mozambique,23-Jun-08,23-Jun-08,300mg,Tablet,No,See DN-698 (ID#:10970),From RDC,"Zidovudine 300mg, tablets, 60 Tabs",39.9,3060,24939.0,PMO - US,"Aurobindo Unit III, India",Zidovudine,8.15,N/A - From RDC,SO-1615,Pre-PQ Process,Pre-PQ Process,ARV,111-MZ-T01,23-Jun-08,Air,Adult,60,0.14,SCMS from RDC,N/A - From RDC,See DN-698 (ID#:10970)
6691,ASN-804,Generic,Vietnam,24-Oct-07,24-Oct-07,300mg,Tablet,Yes,2794.34,Direct Drop,"Zidovudine 300mg, tablets, 60 Tabs",1.43,100,894.0,PMO - US,"Ranbaxy, Paonta Shahib, India",Zidovudine,8.94,07-03-07,SCMS-750,Pre-PQ Process,Pre-PQ Process,ARV,108-VN-T01,24-Oct-07,Air,Adult,60,0.15,SUN PHARMACEUTICAL INDUSTRIES LTD (RANBAXY LABORATORIES LIMITED),EXW,6
11434,DN-309,Generic,Zambia,21-Aug-07,21-Aug-07,10mg/ml,Oral suspension,Yes,13116,From RDC,"Nevirapine 10mg/ml, oral suspension, Bottle, 240 ml",105.39,10624,65868.8,PMO - US,"Aurobindo Unit III, India",Nevirapine,6.2,N/A - From RDC,SO-942,Pre-PQ Process,Pre-PQ Process,ARV,110-ZM-T01,21-Aug-07,Air,Pediatric,240,0.03,SCMS from RDC,N/A - From RDC,3785
6437,ASN-4332,Generic,South Africa,23-Apr-09,23-Apr-09,150mg,Tablet,No,See ASN-4332 (ID#:1115),Direct Drop,"Lamivudine 150mg, tablets, 60 Tabs",27.75,2000,14160.0,PMO - US,"Aurobindo Unit III, India",Lamivudine,7.08,04-02-09,SCMS-47500,Pre-PQ Process,Pre-PQ Process,ARV,116-ZA-T01,15-May-09,Truck,Adult,60,0.12,S. BUYS WHOLESALER,DDP,See ASN-4332 (ID#:1115)
6913,ASN-1520,Norvir,South Africa,04-Jan-08,04-Jan-08,80mg/ml,Oral solution,No,Freight Included in Commodity Cost,Direct Drop,"Ritonavir 80mg/ml [Norvir], oral solution, cool, Bottle, 90 ml",0.04,3,27.69,PMO - US,ABBVIE (Abbott) France,Ritonavir,9.23,01-04-08,SCMS-16600,Pre-PQ Process,Pre-PQ Process,ARV,116-ZA-T01,21-Jan-08,MIssing,Pediatric,90,0.1,"JSI R&T INSTITUTE, INC.",DDP,Weight Captured Separately
5044,ASN-3637,Generic,South Africa,22-Jan-09,22-Jan-09,50mg,Capsule,No,Freight Included in Commodity Cost,Direct Drop,"Efavirenz 50mg, capsule, 30 Caps",3,500,1530.0,PMO - US,"Aurobindo Unit III, India",Efavirenz,3.06,Date Not Captured,SCMS-41080,Pre-PQ Process,Pre-PQ Process,ARV,116-ZA-T01,26-May-09,Air,Pediatric,30,0.1,S. BUYS WHOLESALER,DDP,Weight Captured Separately
12026,DN-16,Generic,CÃte dIvoire,22-Feb-07,22-Feb-07,150/300mg,Tablet - FDC,No,See DN-16 (ID#:10540),From RDC,"Lamivudine/Zidovudine 150/300mg, tablets, 60 Tabs",MIssing,2770,28392.5,PMO - US,"Aurobindo Unit III, India",Lamivudine/Zidovudine,10.25,N/A - From RDC,SO-283,Pre-PQ Process,Pre-PQ Process,ARV,100-CI-T01,22-Feb-07,MIssing,Adult,60,0.17,SCMS from RDC,N/A - From RDC,See DN-16 (ID#:10540)
6062,ASN-2717,Generic,Namibia,29-Oct-08,29-Oct-08,MIssing,Test kit - Ancillary,No,See ASN-2717 (ID#:791),Direct Drop,"HIV, Lancet, Safety, for HIV Test kits, 100 Pcs",0,150,1.5,PMO - US,Inverness Japan,"HIV, Lancet, Safety, for HIV Test kits, 100 Pcs",0.01,9/24/08,SCMS-31180,Pre-PQ Process,Pre-PQ Process,HRDT,119-NA-T01,29-Oct-08,Air,HIV test - Ancillary,100,0.0,"Orgenics, Ltd",EXW,See ASN-2717 (ID#:791)
10956,DN-625,Truvada,Zambia,28-Mar-08,28-Mar-08,300/200mg,Tablet - FDC,Yes,35246.5,From RDC,"Emtricitabine/Tenofovir Disoproxil Fumarate 200/300mg [Truvada], tablets, 30 Tabs",1140.55,27156,712845.0,PMO - US,"Aspen-OSD, Port Elizabeth, SA",Emtricitabine/Tenofovir Disoproxil Fumarate,26.25,N/A - From RDC,SO-1806,Pre-PQ Process,Pre-PQ Process,ARV,110-ZM-T01,28-Mar-08,MIssing,Adult,30,0.88,SCMS from RDC,N/A - From RDC,9344
3736,ASN-3607,Generic,South Africa,28-Nov-08,28-Nov-08,30mg,Capsule,No,Freight Included in Commodity Cost,Direct Drop,"Stavudine 30mg, capsules, 60 Caps",18.37,3675,9371.25,PMO - US,"Aurobindo Unit III, India",Stavudine,2.55,Date Not Captured,SCMS-40780,Pre-PQ Process,Pre-PQ Process,ARV,116-ZA-T01,17-Mar-09,Air,Adult,60,0.04,S. BUYS WHOLESALER,DDP,Weight Captured Separately
1693,ASN-1754,Generic,Vietnam,01-Jun-08,01-Jun-08,600mg,Tablet,Yes,3796.05,Direct Drop,"Efavirenz 600mg, tablets, 30 Tabs",123.43,6720,77145.6,PMO - US,Mylan (formerly Matrix) Nashik,Efavirenz,11.48,3/31/08,SCMS-20340,Pre-PQ Process,Pre-PQ Process,ARV,108-VN-T01,01-Jun-08,Air,Adult,30,0.38,MYLAN LABORATORIES LTD (FORMERLY MATRIX LABORATORIES),EXW,522
3896,ASN-4836,Retrovir,South Africa,28-Jul-09,28-Jul-09,300mg,Tablet,No,Freight Included in Commodity Cost,Direct Drop,"Zidovudine 300mg [Retrovir], tablets, 60 Tabs",6.15,200,3136.0,PMO - US,GSK Ware (UK),Zidovudine,15.68,06-05-09,SCMS-47051,Pre-PQ Process,Pre-PQ Process,ARV,116-ZA-T01,12-Oct-09,Truck,Adult,60,0.26,S. BUYS WHOLESALER,DDP,Weight Captured Separately
10681,DN-771,Generic,Zimbabwe,09-Jun-08,09-Jun-08,150/30mg,Tablet - FDC,Yes,2145.17,From RDC,"Lamivudine/Stavudine 150/30mg, tablets, 30 Tabs",5.12,1600,3200.0,PMO - US,"Cipla, Goa, India",Lamivudine/Stavudine,2.0,N/A - From RDC,SO-1608,Pre-PQ Process,Pre-PQ Process,ARV,100-ZW-T01,09-Jun-08,Truck,Adult,30,0.07,SCMS from RDC,N/A - From RDC,96
9088,ASN-3808,Capillus,Haiti,24-Apr-09,24-Apr-09,MIssing,Test kit,Yes,1894.41,Direct Drop,"HIV 1/2, Capillus HIV Kit, 100 Tests",40.87,150,20850.0,PMO - US,"Trinity Biotech, Plc","HIV 1/2, Capillus HIV Kit",139.0,04-02-09,SCMS-42680,Pre-PQ Process,Pre-PQ Process,HRDT,106-HT-T01,24-Apr-09,Air,HIV test,100,1.39,"Trinity Biotech, Plc",EXW,105
5769,ASN-2235,Generic,Botswana,20-Jan-09,20-Jan-09,MIssing,Test kit - Ancillary,Yes,Invoiced Separately,Direct Drop,"HIV, Lancet, Safety, for HIV Test kits, 100 Pcs",0,100,1.0,PMO - US,Inverness Japan,"HIV, Lancet, Safety, for HIV Test kits, 100 Pcs",0.01,4/28/08,SCMS-22770,Pre-PQ Process,Pre-PQ Process,HRDT,102-BW-T01,20-Jan-09,Air,HIV test - Ancillary,100,0.0,"Orgenics, Ltd",EXW,Weight Captured Separately
7476,ASN-3553,Epivir,South Africa,09-Oct-08,09-Oct-08,150mg,Tablet,No,Freight Included in Commodity Cost,Direct Drop,"Lamivudine 150mg [Epivir], tablets, 60 Tabs",11.31,1200,5772.0,PMO - US,GSK Cape Town Factory (South Africa),Lamivudine,4.81,Date Not Captured,SCMS-33320,Pre-PQ Process,Pre-PQ Process,ARV,116-ZA-T01,17-May-09,Truck,Adult,60,0.08,S. BUYS WHOLESALER,DDP,Weight Captured Separately
11223,DN-614,Generic,Haiti,21-Feb-08,21-Feb-08,15mg,Capsule,No,See DN-614 (ID#:11219),From RDC,"Stavudine 15mg, capsules, 60 Caps",0.29,120,180.0,PMO - US,"Aurobindo Unit III, India",Stavudine,1.5,N/A - From RDC,SO-1287,Pre-PQ Process,Pre-PQ Process,ARV,106-HT-T01,04-Mar-08,Air,Adult,60,0.02,SCMS from RDC,N/A - From RDC,See DN-614 (ID#:11219)
12574,DN-1218,Stocrin/Sustiva,Haiti,22-May-09,22-May-09,30mg/ml,Oral solution,Yes,988.24,From RDC,"Efavirenz 30mg/ml [Stocrin/Sustiva], oral solution, Bottle, 180 ml",3.26,98,1662.08,PMO - US,"MSD, Haarlem, NL",Efavirenz,16.96,N/A - From RDC,SO-24870,Pre-PQ Process,Pre-PQ Process,ARV,106-HT-T01,22-May-09,Air,Pediatric,180,0.09,SCMS from RDC,N/A - From RDC,28
11041,DN-1223,Truvada,Uganda,01-Jun-09,01-Jun-09,300/200mg,Tablet - FDC,Yes,1180.71,From RDC,"Emtricitabine/Tenofovir Disoproxil Fumarate 200/300mg [Truvada], tablets, 30 Tabs",13.38,260,6825.0,PMO - US,"Aspen-OSD, Port Elizabeth, SA",Emtricitabine/Tenofovir Disoproxil Fumarate,26.25,N/A - From RDC,SO-26150,Pre-PQ Process,Pre-PQ Process,ARV,114-UG-T01,01-Jun-09,Air,Adult,30,0.88,SCMS from RDC,N/A - From RDC,28
11598,DN-850,Generic,Mozambique,05-Sep-08,05-Sep-08,150/30mg,Tablet - FDC,No,See DN-850 (ID#:10733),From RDC,"Lamivudine/Stavudine 150/30mg, tablets, 30 Tabs",32,10000,20000.0,PMO - US,"Cipla, Goa, India",Lamivudine/Stavudine,2.0,N/A - From RDC,SO-2424,Pre-PQ Process,Pre-PQ Process,ARV,111-MZ-T01,05-Sep-08,Air,Adult,30,0.07,SCMS from RDC,N/A - From RDC,See DN-850 (ID#:10733)
3719,ASN-3749,Aluvia,Haiti,15-Apr-09,15-Apr-09,200/50mg,Tablet,Yes,2490.67,Direct Drop,"Lopinavir/Ritonavir 200/50mg [Aluvia], tablets, 120 Tabs",118.42,1470,60417.0,PMO - US,ABBVIE Ludwigshafen Germany,Lopinavir/Ritonavir,41.1,03-06-09,SCMS-40030,Pre-PQ Process,Pre-PQ Process,ARV,106-HT-T01,15-Apr-09,Air,Adult,120,0.34,ABBVIE LOGISTICS (FORMERLY ABBOTT LOGISTICS BV),FCA,362
5793,ASN-2277,Generic,Vietnam,19-Sep-08,19-Sep-08,150/300mg,Tablet - FDC,Yes,10356.86,Direct Drop,"Lamivudine/Zidovudine 150/300mg, tablets, 60 Tabs",44.76,3024,27972.0,PMO - US,"Aurobindo Unit III, India",Lamivudine/Zidovudine,9.25,5/13/08,SCMS-23340,Pre-PQ Process,Pre-PQ Process,ARV,108-VN-T01,19-Sep-08,Air,Adult,60,0.15,Aurobindo Pharma Limited,EXW,703
398,ASN-1502,Generic,Guyana,01-Apr-08,01-Apr-08,MIssing,Test kit - Ancillary,Yes,Invoiced Separately,Direct Drop,"HIV, Lancet, Safety, for HIV Test kits, 100 Pcs",0,240,2.4,PMO - US,Inverness Japan,"HIV, Lancet, Safety, for HIV Test kits, 100 Pcs",0.01,2/28/08,SCMS-18480,Pre-PQ Process,Pre-PQ Process,HRDT,102-GY-T01,09-Apr-08,Air,HIV test - Ancillary,100,0.0,"Orgenics, Ltd",EXW,Weight Captured Separately
1647,ASN-2100,Determine,Guyana,28-Jul-08,28-Jul-08,MIssing,Test kit,Yes,959.46,Direct Drop,"HIV 1/2, Determine HIV Kit, without Lancets, 100 Tests",24.53,213,15333.87,PMO - US,Inverness Japan,"HIV 1/2, Determine HIV Kit, without Lancets",71.99,2/28/08,SCMS-18500,Pre-PQ Process,Pre-PQ Process,HRDT,102-GY-T01,28-Jul-08,Air,HIV test,100,0.72,"Orgenics, Ltd",EXW,49
11496,DN-482,Generic,Zambia,22-Feb-08,22-Feb-08,20mg/ml,Oral solution,Yes,33363.16,From RDC,"Abacavir 20mg/ml, oral solution, Bottle, 240 ml",55.2,2091,34501.5,PMO - US,"Aurobindo Unit III, India",Abacavir,16.5,N/A - From RDC,SO-755,Pre-PQ Process,Pre-PQ Process,ARV,110-ZM-T01,22-Feb-08,MIssing,Pediatric,240,0.07,SCMS from RDC,N/A - From RDC,9386
12319,DN-1430,Generic,Tanzania,25-Sep-09,25-Sep-09,300mg,Tablet,Yes,2233.61,From RDC,"Abacavir 300mg, tablets, 60 Tabs",461.06,9243,235234.35,PMO - US,"Aurobindo Unit III, India",Abacavir,25.45,N/A - From RDC,SO-31281,Pre-PQ Process,Date Not Captured,ARV,109-TZ-T01,25-Sep-09,Truck,Adult,60,0.42,SCMS from RDC,N/A - From RDC,936
5596,ASN-1380,Determine,Benin,04-Mar-08,04-Mar-08,MIssing,Test kit,Yes,6687.51,Direct Drop,"HIV 1/2, Determine HIV Kit, without Lancets, 100 Tests",165.4,1436,103377.64,PMO - US,Inverness Japan,"HIV 1/2, Determine HIV Kit, without Lancets",71.99,02-06-08,SCMS-17280,Pre-PQ Process,Pre-PQ Process,HRDT,128-BJ-T01,10-Mar-08,Air,HIV test,100,0.72,"Orgenics, Ltd",EXW,327
5508,ASN-1251,Norvir,South Africa,29-Jan-08,29-Jan-08,80mg/ml,Oral solution,No,Freight Included in Commodity Cost,Direct Drop,"Ritonavir 80mg/ml [Norvir], oral solution, cool, Bottle, 90 ml",0.05,3,28.95,PMO - US,ABBVIE (Abbott) France,Ritonavir,9.65,11-12-07,SCMS-14050,Pre-PQ Process,Pre-PQ Process,ARV,116-ZA-T01,29-Jan-08,MIssing,Pediatric,90,0.11,"JSI R&T INSTITUTE, INC.",DDP,Weight Captured Separately
12675,DN-220,Invirase,CÃte dIvoire,18-Jul-07,18-Jul-07,200mg,Capsule,No,See DN-220 (ID#:10585),From RDC,"Saquinavir 200mg [Invirase], capsules, 270 Caps",4.53,36,2831.04,PMO - US,Roche Basel,Saquinavir,78.64,N/A - From RDC,SO-590,Pre-PQ Process,Pre-PQ Process,ARV,104-CI-T01,18-Jul-07,MIssing,Adult,270,0.29,SCMS from RDC,N/A - From RDC,See DN-220 (ID#:10585)
10788,DN-1382,Generic,Zambia,17-Aug-09,17-Aug-09,150/300mg,Tablet - FDC,Yes,13518.56,From RDC,"Lamivudine/Zidovudine 150/300mg, tablets, 60 Tabs",1854.32,108000,946080.0,PMO - US,"Aurobindo Unit III, India",Lamivudine/Zidovudine,8.76,N/A - From RDC,SO-32550,Pre-PQ Process,Date Not Captured,ARV,110-ZM-T01,17-Aug-09,Truck,Adult,60,0.15,SCMS from RDC,N/A - From RDC,10865
12327,DN-1488,Generic,Lebanon,24-Nov-09,24-Nov-09,200mg,Tablet,No,See DN-1488 (ID#:11074),From RDC,"Nevirapine 200mg, tablets, 60 Tabs",0,200,2.0,PMO - US,Hetero Unit III Hyderabad IN,Nevirapine,0.01,N/A - From RDC,SO-33910,Pre-PQ Process,Date Not Captured,ARV,100-LB-T01,24-Nov-09,Air,Adult,60,0.0,SCMS from RDC,N/A - From RDC,See DN-1488 (ID#:11074)
7696,ASN-3629,Generic,Haiti,07-Apr-09,07-Apr-09,50mg,Capsule,Yes,1448.55,Direct Drop,"Efavirenz 50mg, capsule, 30 Caps",5.45,1242,2782.08,PMO - US,"Aurobindo Unit III, India",Efavirenz,2.24,03-06-09,SCMS-40010,Pre-PQ Process,Pre-PQ Process,ARV,106-HT-T01,07-Apr-09,Air,Pediatric,30,0.07,Aurobindo Pharma Limited,EXW,96
2708,ASN-542,Generic,Vietnam,09-Jul-07,09-Jul-07,150/200/30mg,Tablet - FDC,Yes,21150.56,Direct Drop,"Lamivudine/Nevirapine/Stavudine 150/200/30mg, tablets, 60 Tabs",300,25000,187500.0,PMO - US,"Cipla, Goa, India",Lamivudine/Nevirapine/Stavudine,7.5,02-07-07,SCMS-313,Pre-PQ Process,Pre-PQ Process,ARV,108-VN-T01,09-Jul-07,Air,Adult,60,0.12,CIPLA LIMITED,EXW,2336
12879,DN-1183,Generic,Nigeria,08-May-09,08-May-09,150/300mg,Tablet - FDC,Yes,15128.37,From RDC,"Lamivudine/Zidovudine 150/300mg, tablets, 60 Tabs",641.41,35000,327250.0,PMO - US,"Aurobindo Unit III, India",Lamivudine/Zidovudine,9.35,N/A - From RDC,SO-23430,Pre-PQ Process,Pre-PQ Process,ARV,123-NG-T01,08-May-09,Air Charter,Adult,60,0.16,SCMS from RDC,N/A - From RDC,3162
12189,DN-793,Generic,Uganda,22-Jul-08,22-Jul-08,10mg/ml,Oral solution,Yes,15923.41,From RDC,"Zidovudine 10mg/ml, oral solution, Bottle, 240 ml",20.28,6036,12675.6,PMO - US,"Aurobindo Unit III, India",Zidovudine,2.1,N/A - From RDC,SO-2792,Pre-PQ Process,Pre-PQ Process,ARV,114-UG-T01,22-Jul-08,Air,Pediatric,240,0.01,SCMS from RDC,N/A - From RDC,2253
12324,DN-1457,Generic,Mozambique,07-Oct-09,07-Oct-09,150mg,Tablet,No,See DN-1457 (ID#:11687),From RDC,"Lamivudine 150mg, tablets, 60 Tabs",12.4,2592,6324.48,PMO - US,"Aurobindo Unit III, India",Lamivudine,2.44,N/A - From RDC,SO-26424,Pre-PQ Process,Date Not Captured,ARV,111-MZ-T01,07-Oct-09,Truck,Adult,60,0.04,SCMS from RDC,N/A - From RDC,See DN-1457 (ID#:11687)
1502,ASN-990,Viread,Rwanda,28-Jan-08,28-Jan-08,300mg,Tablet,Yes,7922.24,Direct Drop,"Tenofovir Disoproxil Fumarate 300mg [Viread], tablets, 30 Tabs",43.76,1609,27353.0,PMO - US,"Aspen-OSD, Port Elizabeth, SA",Tenofovir Disoproxil Fumarate,17.0,11-12-07,SCMS-13900,Pre-PQ Process,Pre-PQ Process,ARV,107-RW-T01,28-Jan-08,Air,Adult,30,0.57,ASPEN PHARMACARE,EXW,157
11877,DN-806,Generic,Nigeria,27-Jun-08,27-Jun-08,600mg,Tablet,Yes,9906.63,From RDC,"Efavirenz 600mg, tablets, 30 Tabs",480.4,25000,300250.0,PMO - US,"Aurobindo Unit III, India",Efavirenz,12.01,N/A - From RDC,SO-2708,Pre-PQ Process,Pre-PQ Process,ARV,132-NG-T01,27-Jun-08,Air,Adult,30,0.4,SCMS from RDC,N/A - From RDC,2173
11122,DN-206,Generic,CÃte dIvoire,10-Jul-07,10-Jul-07,50mg,Capsule,Yes,1574,From RDC,"Efavirenz 50mg, capsule, 30 Caps",16.18,4515,10113.6,PMO - US,"Aurobindo Unit III, India",Efavirenz,2.24,N/A - From RDC,SO-687,Pre-PQ Process,Pre-PQ Process,ARV,104-CI-T01,10-Jul-07,Air,Pediatric,30,0.07,SCMS from RDC,N/A - From RDC,259
11690,DN-1470,Generic,Tanzania,26-Oct-09,26-Oct-09,300mg,Tablet,No,See DN-1470 (ID#:10798),From RDC,"Abacavir 300mg, tablets, 60 Tabs",187.16,3752,95488.4,PMO - US,"Aurobindo Unit III, India",Abacavir,25.45,N/A - From RDC,SO-31283,Pre-PQ Process,Date Not Captured,ARV,109-TZ-T01,26-Oct-09,Truck,Adult,60,0.42,SCMS from RDC,N/A - From RDC,See DN-1470 (ID#:10798)
12475,DN-693,Stocrin/Sustiva,Haiti,11-Apr-08,11-Apr-08,30mg/ml,Oral solution,Yes,933.09,From RDC,"Efavirenz 30mg/ml [Stocrin/Sustiva], oral solution, Bottle, 180 ml",1.9,70,1187.2,PMO - US,"MSD, Haarlem, NL",Efavirenz,16.96,N/A - From RDC,SO-2071,Pre-PQ Process,Pre-PQ Process,ARV,106-HT-T01,11-Apr-08,Air,Pediatric,180,0.09,SCMS from RDC,N/A - From RDC,30
12551,DN-844,Generic,Nigeria,24-Jul-08,24-Jul-08,200mg,Tablet,No,See DN-844 (ID#:12249),From RDC,"Nevirapine 200mg, tablets, 60 Tabs",9.1,1672,5684.8,PMO - US,"Aurobindo Unit III, India",Nevirapine,3.4,N/A - From RDC,SO-10540,Pre-PQ Process,Pre-PQ Process,ARV,130-NG-T01,24-Jul-08,Air,Adult,60,0.06,SCMS from RDC,N/A - From RDC,See DN-844 (ID#:12249)
8100,ASN-871,OraQuick,Zimbabwe,10-Jan-08,10-Jan-08,MIssing,Test kit,Yes,Freight Included in Commodity Cost,Direct Drop,"HIV 1/2, OraQuick Advance HIV Rapid Antibody Kit, 100 Tests",2.8,5,1750.0,PMO - US,"Pacific Biotech, Thailand","HIV 1/2, OraQuick Advance HIV Rapid Antibody Kit",350.0,9/28/07,SCMS-11690,Pre-PQ Process,Pre-PQ Process,HRDT,113-ZW-T01,10-Jan-08,Air,HIV test,100,3.5,Orasure Technologies Inc.,CIP,Weight Captured Separately
11136,DN-209,Generic,Nigeria,03-Jul-07,03-Jul-07,150/200/30mg,Tablet - FDC,Yes,8331.36,From RDC,"Lamivudine/Nevirapine/Stavudine 150/200/30mg, tablets, 60 Tabs",15.83,1319,9892.5,PMO - US,"Cipla, Goa, India",Lamivudine/Nevirapine/Stavudine,7.5,N/A - From RDC,SO-563,Pre-PQ Process,Pre-PQ Process,ARV,112-NG-T01,03-Jul-07,MIssing,Adult,60,0.12,SCMS from RDC,N/A - From RDC,1656
11918,DN-942,Generic,Haiti,10-Oct-08,10-Oct-08,10mg/ml,Oral solution,Yes,11836.61,From RDC,"Zidovudine 10mg/ml, oral solution, Bottle, 240 ml",8.78,2613,5487.3,PMO - US,"Aurobindo Unit III, India",Zidovudine,2.1,N/A - From RDC,SO-12162,Pre-PQ Process,Pre-PQ Process,ARV,106-HT-T01,10-Oct-08,Air,Pediatric,240,0.01,SCMS from RDC,N/A - From RDC,979
11012,DN-944,Generic,Haiti,04-Nov-08,04-Nov-08,15mg,Capsule,Yes,121330.06,From RDC,"Stavudine 15mg, capsules, 60 Caps",2.94,1000,1500.0,PMO - US,"Aurobindo Unit III, India",Stavudine,1.5,N/A - From RDC,SO-15930,Pre-PQ Process,Pre-PQ Process,ARV,106-HT-T01,04-Nov-08,Air,Adult,60,0.02,SCMS from RDC,N/A - From RDC,10435
11600,DN-1054,Generic,Mozambique,26-Feb-09,26-Feb-09,150/200/30mg,Tablet - FDC,Yes,7199.72,From RDC,"Lamivudine/Nevirapine/Stavudine 150/200/30mg, tablets, 60 Tabs",1311.47,92933,669117.6,PMO - US,"Strides, Bangalore, India.",Lamivudine/Nevirapine/Stavudine,7.2,N/A - From RDC,SO-15082,Pre-PQ Process,Pre-PQ Process,ARV,111-MZ-T01,26-Feb-09,Air,Adult,60,0.12,SCMS from RDC,N/A - From RDC,7011
12812,DN-812,Generic,Uganda,21-Aug-08,21-Aug-08,150/300/200mg,Tablet - FDC,Yes,1282.6,From RDC,"Lamivudine/Nevirapine/Zidovudine 150/200/300mg, tablets, 60 Tabs",30.24,1400,18900.0,PMO - US,"Aurobindo Unit III, India",Lamivudine/Nevirapine/Zidovudine,13.5,N/A - From RDC,SO-2621,Pre-PQ Process,Pre-PQ Process,ARV,114-UG-T01,21-Aug-08,Air,Adult,60,0.22,SCMS from RDC,N/A - From RDC,156
12904,DN-1374,Generic,Haiti,31-Jul-09,31-Jul-09,20mg,Capsule,No,See DN-1374 (ID#:11999),From RDC,"Stavudine 20mg, capsules, 60 Caps",0.37,108,189.0,PMO - US,"Aurobindo Unit III, India",Stavudine,1.75,N/A - From RDC,SO-32730,Pre-PQ Process,Date Not Captured,ARV,106-HT-T01,31-Jul-09,Air,Adult,60,0.03,SCMS from RDC,N/A - From RDC,See DN-1374 (ID#:11999)
6642,ASN-283,Kaletra,Zambia,08-Mar-07,08-Mar-07,80/20mg/ml,Oral solution,Yes,Freight Included in Commodity Cost,Direct Drop,"Lopinavir/Ritonavir 80/20mg/ml [Kaletra], oral solution, cool, Bottle 5 x 60 ml",MIssing,70,2877.0,PMO - US,ABBVIE (Abbott) Logis. UK,Lopinavir/Ritonavir,41.1,12-05-06,SCMS-223,Pre-PQ Process,Pre-PQ Process,ARV,110-ZM-T01,08-Mar-07,Air,Pediatric,300,0.14,INTERNATIONAL HEALTHCARE DISTRIBUTORS,CIP,58
12175,DN-834,Generic,Nigeria,16-Jul-08,16-Jul-08,30mg,Capsule,No,See DN-834 (ID#:10686),From RDC,"Stavudine 30mg, capsules, 60 Caps",19.15,7876,11971.52,PMO - US,"Aurobindo Unit III, India",Stavudine,1.52,N/A - From RDC,SO-2552,Pre-PQ Process,Pre-PQ Process,ARV,123-NG-T01,16-Jul-08,Air,Adult,60,0.03,SCMS from RDC,N/A - From RDC,See DN-834 (ID#:10686)
3880,ASN-4487,Videx,Vietnam,23-Jul-09,23-Jul-09,25mg,Chewable/dispersible tablet,Yes,Freight Included in Commodity Cost,Direct Drop,"Didanosine 25mg [Videx], chewable tablets, 60 Tabs",1.65,120,840.0,PMO - US,"BMS Meymac, France",Didanosine,7.0,5/27/09,SCMS-46540,Pre-PQ Process,Pre-PQ Process,ARV,108-VN-T01,23-Jul-09,Air,Pediatric,60,0.12,BRISTOL-MYERS SQUIBB,CIP,Weight Captured Separately
12434,DN-389,Generic,Ethiopia,31-Oct-07,31-Oct-07,150mg,Tablet,Yes,810.86,From RDC,"Lamivudine 150mg, tablets, 60 Tabs",15.3,3145,9560.8,PMO - US,"Aurobindo Unit III, India",Lamivudine,3.04,N/A - From RDC,SO-919,Pre-PQ Process,Pre-PQ Process,ARV,117-ET-T01,31-Oct-07,MIssing,Adult,60,0.05,SCMS from RDC,N/A - From RDC,162
12886,DN-1244,Generic,Nigeria,16-Jun-09,16-Jun-09,10mg/ml,Oral solution,No,See DN-1244 (ID#:11048),From RDC,"Lamivudine 10mg/ml, oral solution, Bottle, 240 ml",3,806,1531.4,PMO - US,"Aurobindo Unit III, India",Lamivudine,1.9,N/A - From RDC,SO-21050,Pre-PQ Process,Pre-PQ Process,ARV,112-NG-T01,16-Jun-09,Air Charter,Pediatric,240,0.01,SCMS from RDC,N/A - From RDC,See DN-1244 (ID#:11048)
9078,ASN-4402,Norvir,South Africa,21-Apr-09,21-Apr-09,100mg,Capsule,No,Freight Included in Commodity Cost,Direct Drop,"Ritonavir 100mg [Norvir], capsules, cool, 84 Caps",0.16,10,84.0,PMO - US,ABBVIE (Abbott) Logis. UK,Ritonavir,8.4,04-02-09,SCMS-47390,Pre-PQ Process,Pre-PQ Process,ARV,116-ZA-T01,31-Jul-09,Truck,Adult,84,0.1,S. BUYS WHOLESALER,DDP,Weight Captured Separately
12044,DN-60,Generic,CÃte dIvoire,04-May-07,04-May-07,150/300mg,Tablet - FDC,Yes,1470,From RDC,"Lamivudine/Zidovudine 150/300mg, tablets, 60 Tabs",MIssing,1000,10250.0,PMO - US,"Aurobindo Unit III, India",Lamivudine/Zidovudine,10.25,N/A - From RDC,SO-411,Pre-PQ Process,Pre-PQ Process,ARV,100-CI-T01,04-May-07,MIssing,Adult,60,0.17,SCMS from RDC,N/A - From RDC,114
7731,ASN-3752,Stocrin/Sustiva,South Africa,21-Nov-08,21-Nov-08,50mg,Capsule,No,Freight Included in Commodity Cost,Direct Drop,"Efavirenz 50mg [Stocrin/Sustiva], capsule, 30 Caps",1.79,400,912.0,PMO - US,"MSD Midrand, Jburg, SA",Efavirenz,2.28,Date Not Captured,SCMS-41140,Pre-PQ Process,Pre-PQ Process,ARV,116-ZA-T01,31-Mar-09,Air,Pediatric,30,0.08,S. BUYS WHOLESALER,DDP,Weight Captured Separately
849,ASN-3209,Paramax,Guyana,06-Feb-09,06-Feb-09,MIssing,Test kit,Yes,Freight Included in Commodity Cost,Direct Drop,"Malaria Paramax-3 Kit, 25 Tests",7.94,108,4050.0,PMO - US,Not Applicable,Malaria Paramax-3 Kit,37.5,11/19/08,SCMS-33930,Pre-PQ Process,Pre-PQ Process,MRDT,102-GY-T01,06-Feb-09,Air,Malaria,25,1.5,ZEPHYR BIOMEDICALS,CIP,Weight Captured Separately
10846,DN-232,Generic,Guyana,18-Jul-07,18-Jul-07,300mg,Tablet,Yes,764.62,From RDC,"Zidovudine 300mg, tablets, 60 Tabs",2.73,209,1703.35,PMO - US,"Ranbaxy, Paonta Shahib, India",Zidovudine,8.15,N/A - From RDC,SO-693,Pre-PQ Process,Pre-PQ Process,ARV,105-GY-T01,18-Jul-07,Air,Adult,60,0.14,SCMS from RDC,N/A - From RDC,12
10364,ASN-4304,Generic,South Africa,08-Apr-09,08-Apr-09,300mg,Tablet,No,Freight Included in Commodity Cost,Direct Drop,"Zidovudine 300mg, tablets, 60 Tabs",38.73,1000,19760.0,PMO - US,"Aurobindo Unit III, India",Zidovudine,19.76,3/27/09,SCMS-41582,Pre-PQ Process,Pre-PQ Process,ARV,116-ZA-T01,25-Jun-09,Air,Adult,60,0.33,S. BUYS WHOLESALER,DDP,Weight Captured Separately
12170,DN-742,Generic,Haiti,02-Jun-08,02-Jun-08,20mg/ml,Oral solution,No,See DN-742 (ID#:11537),From RDC,"Abacavir 20mg/ml, oral solution, Bottle, 240 ml",4.22,160,2640.0,PMO - US,"Aurobindo Unit III, India",Abacavir,16.5,N/A - From RDC,SO-2047,Pre-PQ Process,Pre-PQ Process,ARV,106-HT-T01,02-Jun-08,Air,Pediatric,240,0.07,SCMS from RDC,N/A - From RDC,See DN-742 (ID#:11537)
3926,ASN-4,Visitect,CÃte dIvoire,10-May-06,10-May-06,MIssing,Test kit,Yes,633.73,Direct Drop,"HIV 1/2, Visitect Kit, 25 Tests",MIssing,44,1375.0,PMO - US,"OMEGA Diagnostics, UK","HIV 1/2, Visitect Kit",31.25,Date Not Captured,SCMS-2,Pre-PQ Process,Pre-PQ Process,HRDT,100-CI-T01,10-May-06,Air,HIV test,25,1.25,OMEGA DIAGNOSTICS LTD,EXW,15
10881,DN-351,Generic,Zambia,12-Sep-07,12-Sep-07,200mg,Capsule,Yes,944.21,From RDC,"Efavirenz 200mg, capsule, 90 Caps",27.24,1064,17024.0,PMO - US,"Aurobindo Unit III, India",Efavirenz,16.0,N/A - From RDC,SO-752,Pre-PQ Process,Pre-PQ Process,ARV,110-ZM-T01,12-Sep-07,MIssing,Pediatric,90,0.18,SCMS from RDC,N/A - From RDC,128
10968,DN-718,Generic,Nigeria,21-Apr-08,21-Apr-08,150/300mg,Tablet - FDC,Yes,1917.53,From RDC,"Lamivudine/Zidovudine 150/300mg, tablets, 60 Tabs",11.49,760,7182.0,PMO - US,"Aurobindo Unit III, India",Lamivudine/Zidovudine,9.45,N/A - From RDC,SO-2350,Pre-PQ Process,Pre-PQ Process,ARV,112-NG-T01,21-Apr-08,Air,Adult,60,0.16,SCMS from RDC,N/A - From RDC,199
12665,DN-248,Kaletra,Rwanda,26-Jul-07,26-Jul-07,80/20mg/ml,Oral solution,Yes,661.06,From RDC,"Lopinavir/Ritonavir 80/20mg/ml [Kaletra], oral solution, cool, Bottle 5 x 60 ml",3.29,50,2055.0,PMO - US,ABBVIE (Abbott) Logis. UK,Lopinavir/Ritonavir,41.1,N/A - From RDC,SO-489,Pre-PQ Process,Pre-PQ Process,ARV,107-RW-T01,26-Jul-07,Air,Pediatric,300,0.14,SCMS from RDC,N/A - From RDC,50
10669,DN-588,Truvada,Uganda,06-Mar-08,06-Mar-08,300/200mg,Tablet - FDC,Yes,794.22,From RDC,"Emtricitabine/Tenofovir Disoproxil Fumarate 200/300mg [Truvada], tablets, 30 Tabs",27.55,656,17220.0,PMO - US,"Aspen-OSD, Port Elizabeth, SA",Emtricitabine/Tenofovir Disoproxil Fumarate,26.25,N/A - From RDC,SO-1715,Pre-PQ Process,Pre-PQ Process,ARV,114-UG-T01,06-Mar-08,MIssing,Adult,30,0.88,SCMS from RDC,N/A - From RDC,58
5046,ASN-3752,Viread,South Africa,21-Nov-08,21-Nov-08,300mg,Tablet,No,Freight Included in Commodity Cost,Direct Drop,"Tenofovir Disoproxil Fumarate 300mg [Viread], tablets, 30 Tabs",17.29,500,8820.0,PMO - US,"Aspen-OSD, Port Elizabeth, SA",Tenofovir Disoproxil Fumarate,17.64,Date Not Captured,SCMS-41140,Pre-PQ Process,Pre-PQ Process,ARV,116-ZA-T01,31-Mar-09,Air,Adult,30,0.59,S. BUYS WHOLESALER,DDP,Weight Captured Separately
1179,ASN-4302,Norvir,Vietnam,17-Jul-09,17-Jul-09,100mg,Capsule,Yes,3366.04,Direct Drop,"Ritonavir 100mg [Norvir], capsules, cool, 4 x 84 Caps",1.2,8,613.76,PMO - US,ABBVIE (Abbott) France,Ritonavir,76.72,4/29/09,SCMS-44990,Pre-PQ Process,Pre-PQ Process,ARV,108-VN-T01,17-Jul-09,Air,Adult,336,0.23,ABBVIE LOGISTICS (FORMERLY ABBOTT LOGISTICS BV),FCA,48
3313,ASN-2641,Generic,Zambia,20-Oct-08,20-Oct-08,MIssing,Test kit - Ancillary,No,See ASN-2641 (ID#:670),Direct Drop,"HIV, Lancet, Safety, for HIV Test kits, 100 Pcs",0.09,4500,45.0,PMO - US,Inverness Japan,"HIV, Lancet, Safety, for HIV Test kits, 100 Pcs",0.01,7/31/08,SCMS-27790,Pre-PQ Process,Pre-PQ Process,HRDT,110-ZM-T01,20-Oct-08,Air,HIV test - Ancillary,100,0.0,"Orgenics, Ltd",EXW,See ASN-2641 (ID#:670)
11436,DN-320,Aluvia,CÃte dIvoire,30-Aug-07,30-Aug-07,200/50mg,Tablet,No,See DN-320 (ID#:10593),From RDC,"Lopinavir/Ritonavir 200/50mg [Aluvia], tablets, 120 Tabs",47.74,726,29838.6,PMO - US,ABBVIE Ludwigshafen Germany,Lopinavir/Ritonavir,41.1,N/A - From RDC,SO-959,Pre-PQ Process,Pre-PQ Process,ARV,104-CI-T01,30-Aug-07,MIssing,Adult,120,0.34,SCMS from RDC,N/A - From RDC,See DN-320 (ID#:10593)
11716,DN-116,Stat-Pak,Nigeria,30-Apr-07,30-Apr-07,MIssing,Test kit,Yes,8526.94,From RDC,"HIV 1/2, Stat-Pak HIV, Kit, 20 Tests",MIssing,5250,141750.0,PMO - US,Chembio Diagnostics Sys. Inc.,"HIV 1/2, Stat-Pak HIV, Kit",27.0,N/A - From RDC,SO-473,Pre-PQ Process,Pre-PQ Process,HRDT,102-NG-T01,30-Apr-07,MIssing,HIV test,20,1.35,SCMS from RDC,N/A - From RDC,1699
11895,DN-729,Generic,Nigeria,09-May-08,09-May-08,600mg,Tablet,Yes,1651.16,From RDC,"Efavirenz 600mg, tablets, 30 Tabs",19.81,1031,12382.31,PMO - US,"Aurobindo Unit III, India",Efavirenz,12.01,N/A - From RDC,SO-2500,Pre-PQ Process,Pre-PQ Process,ARV,130-NG-T01,09-May-08,Air,Adult,30,0.4,SCMS from RDC,N/A - From RDC,236
11222,DN-535,Generic,Nigeria,09-Jan-08,09-Jan-08,150/200/30mg,Tablet - FDC,No,See DN-535 (ID#:10658),From RDC,"Lamivudine/Nevirapine/Stavudine 150/200/30mg, tablets, 60 Tabs",34.63,2925,21645.0,PMO - US,"Cipla, Goa, India",Lamivudine/Nevirapine/Stavudine,7.4,N/A - From RDC,SO-1570,Pre-PQ Process,Pre-PQ Process,ARV,112-NG-T01,09-Jan-08,Air,Adult,60,0.12,SCMS from RDC,N/A - From RDC,See DN-535 (ID#:10658)
12177,DN-642,Generic,Zambia,17-Mar-08,17-Mar-08,10mg/ml,Oral solution,Yes,37199.06,From RDC,"Lamivudine 10mg/ml, oral solution, Bottle, 240 ml",96.33,30563,60209.11,PMO - US,"Aurobindo Unit III, India",Lamivudine,1.97,N/A - From RDC,SO-979,Pre-PQ Process,Pre-PQ Process,ARV,110-ZM-T01,17-Mar-08,MIssing,Pediatric,240,0.01,SCMS from RDC,N/A - From RDC,10621
7218,ASN-2274,Generic,Vietnam,19-Sep-08,19-Sep-08,200mg,Tablet,No,See ASN-2274 (ID#:610),Direct Drop,"Nevirapine 200mg, tablets, 60 Tabs",19.49,4200,12180.0,PMO - US,"Aurobindo Unit III, India",Nevirapine,2.9,07-01-08,SCMS-26180,Pre-PQ Process,Pre-PQ Process,ARV,108-VN-T01,19-Sep-08,Air,Adult,60,0.05,Aurobindo Pharma Limited,EXW,See ASN-2274 (ID#:610)
4531,ASN-2295,Viread,South Africa,09-Jun-08,09-Jun-08,300mg,Tablet,No,Freight Included in Commodity Cost,Direct Drop,"Tenofovir Disoproxil Fumarate 300mg [Viread], tablets, 30 Tabs",15.26,400,9536.0,PMO - US,"Aspen-OSD, Port Elizabeth, SA",Tenofovir Disoproxil Fumarate,23.84,Date Not Captured,SCMS-25540,Pre-PQ Process,Pre-PQ Process,ARV,116-ZA-T01,12-Jun-08,Truck,Adult,30,0.79,S. BUYS WHOLESALER,DDP,Weight Captured Separately
10803,DN-1557,Invirase,CÃte dIvoire,20-Dec-09,20-Dec-09,200mg,Capsule,Yes,Invoiced Separately,From RDC,"Saquinavir 200mg [Invirase], capsules, 270 Caps",177.79,1042,82463.88,PMO - US,Roche Basel,Saquinavir,79.14,N/A - From RDC,SO-1688,Pre-PQ Process,Date Not Captured,ARV,104-CI-T01,20-Dec-09,Air,Adult,270,0.29,SCMS from RDC,N/A - From RDC,Weight Captured Separately
10567,DN-159,Generic,CÃte dIvoire,04-Jun-07,04-Jun-07,15mg,Capsule,Yes,727,From RDC,"Stavudine 15mg, capsules, 60 Caps",MIssing,875,1881.25,PMO - US,"Aurobindo Unit III, India",Stavudine,2.15,N/A - From RDC,SO-556,Pre-PQ Process,Pre-PQ Process,ARV,104-CI-T01,04-Jun-07,MIssing,Adult,60,0.04,SCMS from RDC,N/A - From RDC,58
10700,DN-613,Generic,CÃte dIvoire,19-Feb-08,19-Feb-08,150/300mg,Tablet - FDC,Yes,3826.17,From RDC,"Lamivudine/Zidovudine 150/300mg, tablets, 60 Tabs",308.32,20284,192698.0,PMO - US,"Aurobindo Unit III, India",Lamivudine/Zidovudine,9.5,N/A - From RDC,SO-1685,Pre-PQ Process,Pre-PQ Process,ARV,104-CI-T01,19-Feb-08,Air,Adult,60,0.16,SCMS from RDC,N/A - From RDC,1897
2536,ASN-4462,Generic,Rwanda,20-Jul-09,20-Jul-09,150/300/200mg,Tablet - FDC,Yes,30661.5,Direct Drop,"Lamivudine/Nevirapine/Zidovudine 150/200/300mg, tablets, 60 Tabs",622.36,26932,317528.28,PMO - US,Mylan (formerly Matrix) Nashik,Lamivudine/Nevirapine/Zidovudine,11.79,4/15/09,SCMS-43880,Pre-PQ Process,Pre-PQ Process,ARV,107-RW-T01,20-Jul-09,Air,Adult,60,0.2,MYLAN LABORATORIES LTD (FORMERLY MATRIX LABORATORIES),CIP,3393
12293,DN-1275,Uni-Gold,Kenya,28-May-09,28-May-09,MIssing,Test kit,Yes,Invoiced Separately,From RDC,"HIV 1/2, Uni-Gold HIV Kit, 20 Tests",156.8,2500,80000.0,PMO - US,"Trinity Biotech, Plc","HIV 1/2, Uni-Gold HIV Kit",32.0,N/A - From RDC,SO-27850,Pre-PQ Process,Pre-PQ Process,HRDT,102-KE-T01,28-May-09,Air,HIV test,20,1.6,SCMS from RDC,N/A - From RDC,Weight Captured Separately
12064,DN-172,Generic,Nigeria,26-Jun-07,26-Jun-07,150/200/30mg,Tablet - FDC,No,See DN-172 (ID#:10566),From RDC,"Lamivudine/Nevirapine/Stavudine 150/200/30mg, tablets, 60 Tabs",MIssing,1799,13492.5,PMO - US,"Cipla, Goa, India",Lamivudine/Nevirapine/Stavudine,7.5,N/A - From RDC,SO-557,Pre-PQ Process,Pre-PQ Process,ARV,112-NG-T01,26-Jun-07,MIssing,Adult,60,0.12,SCMS from RDC,N/A - From RDC,See DN-172 (ID#:10566)
10753,DN-1141,Generic,Nigeria,19-Mar-09,19-Mar-09,150/300/200mg,Tablet - FDC,Yes,22985.72,From RDC,"Lamivudine/Nevirapine/Zidovudine 150/200/300mg, tablets, 60 Tabs",100.57,4501,51311.4,PMO - US,"Aurobindo Unit III, India",Lamivudine/Nevirapine/Zidovudine,11.4,N/A - From RDC,SO-21807,Pre-PQ Process,Pre-PQ Process,ARV,151-NG-T01,19-Mar-09,Air Charter,Adult,60,0.19,SCMS from RDC,N/A - From RDC,506
9053,ASN-4359,Videx,South Africa,17-Apr-09,17-Apr-09,100mg,Chewable/dispersible tablet,Yes,Freight Included in Commodity Cost,Direct Drop,"Didanosine 100mg [Videx],chewable tablets, 60 Tabs",45.34,2160,23133.6,PMO - US,"BMS Meymac, France",Didanosine,10.71,3/27/09,SCMS-41588,Pre-PQ Process,Pre-PQ Process,ARV,116-ZA-T01,25-Jun-09,Air,Pediatric,60,0.18,S. BUYS WHOLESALER,DDP,Weight Captured Separately
12850,DN-1152,Generic,CÃte dIvoire,30-Apr-09,30-Apr-09,200mg,Tablet,No,See DN-1152 (ID#:11010),From RDC,"Nevirapine 200mg, tablets, 60 Tabs",56.44,9599,28797.0,PMO - US,"Aurobindo Unit III, India",Nevirapine,3.0,N/A - From RDC,SO-21880,Pre-PQ Process,Pre-PQ Process,ARV,104-CI-T01,30-Apr-09,Air,Adult,60,0.05,SCMS from RDC,N/A - From RDC,See DN-1152 (ID#:11010)
10949,DN-722,Aluvia,Tanzania,30-Apr-08,30-Apr-08,200/50mg,Tablet,Yes,3562.4,From RDC,"Lopinavir/Ritonavir 200/50mg [Aluvia], tablets, 120 Tabs",169.66,2580,106038.0,PMO - US,ABBVIE Ludwigshafen Germany,Lopinavir/Ritonavir,41.1,N/A - From RDC,SO-2000,Pre-PQ Process,Pre-PQ Process,ARV,109-TZ-T01,30-Apr-08,MIssing,Adult,120,0.34,SCMS from RDC,N/A - From RDC,559
2148,ASN-3228,INSTi,Zimbabwe,03-Feb-09,03-Feb-09,MIssing,Test kit,Yes,Freight Included in Commodity Cost,Direct Drop,"#109440**HIV 1/2, INSTI HIV Antibody Individual POC, 1 Test",24.91,5000,12706.65,PMO - US,bioLytical Laboratories,"HIV 1/2, INSTI HIV Antibody Individual POC, 1 Test",2.54,10/28/08,SCMS-32660,Pre-PQ Process,Pre-PQ Process,HRDT,113-ZW-T01,03-Feb-09,Air,HIV test,1,2.54,BIOLYTICAL LABORATORIES INC.,CIP,Weight Captured Separately
8692,ASN-2896,Atripla,Nigeria,24-Nov-08,24-Nov-08,600/200/300mg,Tablet - FDC,Yes,924.4,Direct Drop,"Efavirenz/Emtricitabine/Tenofovir Disoproxil Fumarate 600/200/300mg [Atripla], tablets, 30 Tabs",197.57,2000,100800.0,PMO - US,"MSD, Haarlem, NL",Efavirenz/Emtricitabine/Tenofovir Disoproxil Fumarate,50.4,9/23/08,SCMS-30500,Pre-PQ Process,Pre-PQ Process,ARV,131-NG-T01,10-Mar-09,Air,Adult,30,1.68,MERCK SHARP & DOHME IDEA GMBH (FORMALLY MERCK SHARP & DOHME B.V.),CIP,169
11620,DN-1124,Generic,Nigeria,19-Mar-09,19-Mar-09,150/200/30mg,Tablet - FDC,Yes,11492.86,From RDC,"Lamivudine/Nevirapine/Stavudine 150/200/30mg, tablets, 60 Tabs",161.99,11608,82648.96,PMO - US,"Cipla, Goa, India",Lamivudine/Nevirapine/Stavudine,7.12,N/A - From RDC,SO-20960,Pre-PQ Process,Pre-PQ Process,ARV,112-NG-T01,19-Mar-09,Air Charter,Adult,60,0.12,SCMS from RDC,N/A - From RDC,1871
12212,DN-1015,Generic,Zimbabwe,19-Nov-08,19-Nov-08,600mg,Tablet,No,See DN-1015 (ID#:11561),From RDC,"Efavirenz 600mg, tablets, 30 Tabs",94.16,4000,48040.0,PMO - US,"Aurobindo Unit III, India",Efavirenz,12.01,N/A - From RDC,SO-13991,Pre-PQ Process,Pre-PQ Process,ARV,113-ZW-T01,19-Nov-08,Truck,Adult,30,0.4,SCMS from RDC,N/A - From RDC,See DN-1015 (ID#:11561)
12686,DN-304,Generic,Mozambique,21-Sep-07,21-Sep-07,20mg/ml,Oral solution,No,See DN-304 (ID#:10589),From RDC,"Abacavir 20mg/ml, oral solution, Bottle, 240 ml",1.99,59,1241.95,PMO - US,"Aurobindo Unit III, India",Abacavir,21.05,N/A - From RDC,SO-298,Pre-PQ Process,Pre-PQ Process,ARV,111-MZ-T01,21-Sep-07,Air,Pediatric,240,0.09,SCMS from RDC,N/A - From RDC,See DN-304 (ID#:10589)
5595,ASN-1412,Generic,Benin,10-Mar-08,10-Mar-08,MIssing,Test kit - Ancillary,Yes,Invoiced Separately,Direct Drop,"HIV, Lancet, Safety, for HIV Test kits, 100 Pcs",0.02,1436,14.36,PMO - US,Inverness Japan,"HIV, Lancet, Safety, for HIV Test kits, 100 Pcs",0.01,02-06-08,SCMS-17280,Pre-PQ Process,Pre-PQ Process,HRDT,128-BJ-T01,10-Mar-08,Air,HIV test - Ancillary,100,0.0,"Orgenics, Ltd",EXW,Weight Captured Separately
11892,DN-696,Generic,Tanzania,23-Apr-08,23-Apr-08,600mg,Tablet,Yes,6195.24,From RDC,"Efavirenz 600mg, tablets, 30 Tabs",366.66,18451,229161.42,PMO - US,"Aurobindo Unit III, India",Efavirenz,12.42,N/A - From RDC,SO-1999,Pre-PQ Process,Pre-PQ Process,ARV,109-TZ-T01,23-Apr-08,Air,Adult,30,0.41,SCMS from RDC,N/A - From RDC,1636
7922,ASN-15,Determine,CÃte dIvoire,16-Sep-06,16-Sep-06,MIssing,Test kit,Yes,1275.12,Direct Drop,"HIV 1/2, Determine Complete HIV Kit, 100 Tests",MIssing,500,40000.0,PMO - US,ABBVIE GmbH & Co.KG Wiesbaden,"HIV 1/2, Determine Complete HIV Kit",80.0,Date Not Captured,SCMS-21,Pre-PQ Process,Pre-PQ Process,HRDT,104-CI-T01,16-Sep-06,Air,HIV test,100,0.8,Abbott GmbH & Co. KG,FCA,171
2603,ASN-5221,Determine,Zambia,29-Oct-09,29-Oct-09,MIssing,Test kit,Yes,5962.58,Direct Drop,"HIV 1/2, Determine Complete HIV Kit, 100 Tests",310.46,2000,144000.0,PMO - US,Inverness Japan,"HIV 1/2, Determine Complete HIV Kit",72.0,06-06-09,SCMS-42641,Pre-PQ Process,Pre-PQ Process,HRDT,110-ZM-T01,11-Nov-09,Air,HIV test,100,0.72,"Orgenics, Ltd",EXW,590
10689,DN-734,Generic,CÃte dIvoire,02-Jun-08,02-Jun-08,20mg/ml,Oral solution,Yes,10451.25,From RDC,"Abacavir 20mg/ml, oral solution, Bottle, 240 ml",43.93,1664,27456.0,PMO - US,"Aurobindo Unit III, India",Abacavir,16.5,N/A - From RDC,SO-2044,Pre-PQ Process,Pre-PQ Process,ARV,104-CI-T01,02-Jun-08,Air,Pediatric,240,0.07,SCMS from RDC,N/A - From RDC,905
1529,ASN-1194,Generic,Rwanda,28-Jan-08,28-Jan-08,300mg,Tablet,Yes,1511.25,Direct Drop,"Abacavir 300mg, tablets, 60 Tabs",48.36,1099,30222.5,PMO - US,Mylan (formerly Matrix) Nashik,Abacavir,27.5,12-03-07,SCMS-14750,Pre-PQ Process,Pre-PQ Process,ARV,107-RW-T01,28-Jan-08,Air,Adult,60,0.46,MYLAN LABORATORIES LTD (FORMERLY MATRIX LABORATORIES),CIP,113
11225,DN-580,Generic,Rwanda,28-Jan-08,28-Jan-08,30mg,Capsule,Yes,1372.38,From RDC,"Stavudine 30mg, capsules, 60 Caps",1.35,392,842.8,PMO - US,"Aurobindo Unit III, India",Stavudine,2.15,N/A - From RDC,SO-1682,Pre-PQ Process,Pre-PQ Process,ARV,107-RW-T01,28-Jan-08,Air,Adult,60,0.04,SCMS from RDC,N/A - From RDC,29
7718,ASN-3607,Generic,South Africa,28-Nov-08,28-Nov-08,300mg,Tablet,No,Freight Included in Commodity Cost,Direct Drop,"Zidovudine 300mg, tablets, 60 Tabs",7.25,300,3699.0,PMO - US,"Aurobindo Unit III, India",Zidovudine,12.33,Date Not Captured,SCMS-40780,Pre-PQ Process,Pre-PQ Process,ARV,116-ZA-T01,17-Mar-09,Air,Adult,60,0.21,S. BUYS WHOLESALER,DDP,Weight Captured Separately
1066,ASN-3623,Generic,South Africa,03-Dec-08,03-Dec-08,10mg/ml,Oral solution,No,Freight Included in Commodity Cost,Direct Drop,"Zidovudine 10mg/ml, oral solution, Bottle, 240 ml",7.03,1008,3588.48,PMO - US,"Aurobindo Unit III, India",Zidovudine,3.56,Date Not Captured,SCMS-41040,Pre-PQ Process,Pre-PQ Process,ARV,116-ZA-T01,07-Apr-09,Air,Pediatric,240,0.01,S. BUYS WHOLESALER,DDP,Weight Captured Separately
11233,DN-692,Generic,Haiti,03-Apr-08,03-Apr-08,150/300mg,Tablet - FDC,Yes,20578.2,From RDC,"Lamivudine/Zidovudine 150/300mg, tablets, 60 Tabs",114.28,7558,71423.1,PMO - US,"Aurobindo Unit III, India",Lamivudine/Zidovudine,9.45,N/A - From RDC,SO-2058,Pre-PQ Process,Pre-PQ Process,ARV,106-HT-T01,03-Apr-08,Air,Adult,60,0.16,SCMS from RDC,N/A - From RDC,2166
10579,DN-257,Determine,Tanzania,14-Aug-07,14-Aug-07,MIssing,Test kit,Yes,1266.39,From RDC,"HIV 1/2, Determine Complete HIV Kit, 100 Tests",38.66,302,24160.0,PMO - US,ABBVIE GmbH & Co.KG Wiesbaden,"HIV 1/2, Determine Complete HIV Kit",80.0,N/A - From RDC,SO-749,Pre-PQ Process,Pre-PQ Process,HRDT,109-TZ-T01,14-Aug-07,Air,HIV test,100,0.8,SCMS from RDC,N/A - From RDC,98
12228,DN-939,Truvada,Nigeria,28-Sep-08,28-Sep-08,300/200mg,Tablet - FDC,Yes,11584.54,From RDC,"Emtricitabine/Tenofovir Disoproxil Fumarate 200/300mg [Truvada], tablets, 30 Tabs",1890,45000,1181250.0,PMO - US,"Aspen-OSD, Port Elizabeth, SA",Emtricitabine/Tenofovir Disoproxil Fumarate,26.25,N/A - From RDC,SO-15540,Pre-PQ Process,Pre-PQ Process,ARV,132-NG-T01,28-Sep-08,Air,Adult,30,0.88,SCMS from RDC,N/A - From RDC,3951
10540,DN-16,Generic,CÃte dIvoire,22-Feb-07,22-Feb-07,150/300mg,Tablet - FDC,Yes,2804,From RDC,"Lamivudine/Zidovudine 150/300mg, tablets, 60 Tabs",MIssing,2230,22857.5,PMO - US,"Aurobindo Unit III, India",Lamivudine/Zidovudine,10.25,N/A - From RDC,SO-283,Pre-PQ Process,Pre-PQ Process,ARV,100-CI-T01,22-Feb-07,MIssing,Adult,60,0.17,SCMS from RDC,N/A - From RDC,909
12316,DN-1411,Generic,Zimbabwe,22-Sep-09,22-Sep-09,150/30mg,Tablet - FDC,No,See DN-1411 (ID#:11352),From RDC,"Lamivudine/Stavudine 150/30mg, tablets, 60 Tabs",31.36,4000,16000.0,PMO - US,"Cipla, Goa, India",Lamivudine/Stavudine,4.0,N/A - From RDC,SO-21020,Pre-PQ Process,Date Not Captured,ARV,113-ZW-T01,22-Sep-09,Truck,Adult,60,0.07,SCMS from RDC,N/A - From RDC,See DN-1411 (ID#:11352)
11000,DN-1092,Generic,Uganda,19-Mar-09,19-Mar-09,150/300/200mg,Tablet - FDC,Yes,2408.91,From RDC,"Lamivudine/Nevirapine/Zidovudine 150/200/300mg, tablets, 60 Tabs",43.78,1893,22337.4,PMO - US,"Aurobindo Unit III, India",Lamivudine/Nevirapine/Zidovudine,11.8,N/A - From RDC,SO-17890,Pre-PQ Process,Pre-PQ Process,ARV,114-UG-T01,19-Mar-09,Air,Adult,60,0.2,SCMS from RDC,N/A - From RDC,215
1078,ASN-4502,Generic,South Africa,05-Jun-09,05-Jun-09,50mg,Capsule,Yes,Freight Included in Commodity Cost,Direct Drop,"Efavirenz 50mg, capsule, 30 Caps",32.62,5300,16642.0,PMO - US,"Aurobindo Unit III, India",Efavirenz,3.14,3/18/09,SCMS-41460,Pre-PQ Process,Pre-PQ Process,ARV,116-ZA-T01,25-Jun-09,Truck,Pediatric,30,0.1,S. BUYS WHOLESALER,DDP,Weight Captured Separately
10818,DN-129,Generic,Zambia,15-May-07,15-May-07,150/300mg,Tablet - FDC,Yes,33572.78,From RDC,"Lamivudine/Zidovudine 150/300mg, tablets, 60 Tabs",MIssing,85158,909487.44,PMO - US,"Aurobindo Unit III, India",Lamivudine/Zidovudine,10.68,N/A - From RDC,SO-311,Pre-PQ Process,Pre-PQ Process,ARV,110-ZM-T01,15-May-07,MIssing,Adult,60,0.18,SCMS from RDC,N/A - From RDC,8169
3010,ASN-1411,Determine,Nigeria,12-Mar-08,12-Mar-08,MIssing,Test kit,Yes,8213.59,Direct Drop,"HIV 1/2, Determine HIV Kit, without Lancets, 100 Tests",409.42,3199,255888.01,PMO - US,Inverness Japan,"HIV 1/2, Determine HIV Kit, without Lancets",79.99,1/29/08,SCMS-16900,Pre-PQ Process,Pre-PQ Process,HRDT,102-NG-T01,12-Mar-08,Air,HIV test,100,0.8,"Orgenics, Ltd",EXW,550
1037,ASN-4747,Videx EC,Nigeria,30-Sep-09,30-Sep-09,400mg,Delayed-release capsules - blister,Yes,463,Direct Drop,"Didanosine EC 400mg [Videx EC], delayed-release capsules, Blister 3 x 10 Caps",9.28,200,4734.0,PMO - US,"BMS Meymac, France",Didanosine EC,23.67,03-04-09,SCMS-39640,Pre-PQ Process,Pre-PQ Process,ARV,123-NG-T01,30-Sep-09,Air,Adult,30,0.79,BRISTOL-MYERS SQUIBB,CIP,11
10750,DN-958,Aluvia,Nigeria,31-Oct-08,31-Oct-08,200/50mg,Tablet,Yes,10990.36,From RDC,"Lopinavir/Ritonavir 200/50mg [Aluvia], tablets, 120 Tabs",163.85,2034,83597.4,PMO - US,ABBVIE Ludwigshafen Germany,Lopinavir/Ritonavir,41.1,N/A - From RDC,SO-11232,Pre-PQ Process,Pre-PQ Process,ARV,123-NG-T01,31-Oct-08,Air,Adult,120,0.34,SCMS from RDC,N/A - From RDC,937
8803,ASN-3853,Atripla,Tanzania,15-Jun-09,15-Jun-09,600/200/300mg,Tablet - FDC,No,See ASN-3853 (ID#:4824),Direct Drop,"Efavirenz/Emtricitabine/Tenofovir Disoproxil Fumarate 600/200/300mg [Atripla], tablets, 30 Tabs",264.74,2680,135072.0,PMO - US,"MSD, Haarlem, NL",Efavirenz/Emtricitabine/Tenofovir Disoproxil Fumarate,50.4,12/30/08,SCMS-34690,Pre-PQ Process,Pre-PQ Process,ARV,109-TZ-T01,15-Jun-09,Air,Adult,30,1.68,MERCK SHARP & DOHME IDEA GMBH (FORMALLY MERCK SHARP & DOHME B.V.),CIP,See ASN-3853 (ID#:4824)
3037,ASN-1405,Determine,Ethiopia,27-Feb-08,27-Feb-08,MIssing,Test kit,Yes,Freight Included in Commodity Cost,Direct Drop,"HIV 1/2, Determine Complete HIV Kit, 100 Tests",100.75,805,62967.1,PMO - US,Inverness Japan,"HIV 1/2, Determine Complete HIV Kit",78.22,2/20/08,SCMS-17940,Pre-PQ Process,Pre-PQ Process,HRDT,117-ET-T01,27-Feb-08,Air,HIV test,100,0.78,SUB-SAHARAN BIOMEDICAL P.L.C.,CIP,Weight Captured Separately
12009,DN-1422,Generic,CÃte dIvoire,16-Sep-09,16-Sep-09,10mg/ml,Oral suspension,No,See DN-1422 (ID#:11682),From RDC,"Nevirapine 10mg/ml, oral suspension, Bottle, 240 ml",22.58,6000,11520.0,PMO - US,"Aurobindo Unit III, India",Nevirapine,1.92,N/A - From RDC,SO-33220,Pre-PQ Process,Date Not Captured,ARV,104-CI-T01,16-Sep-09,Air,Pediatric,240,0.01,SCMS from RDC,N/A - From RDC,See DN-1422 (ID#:11682)
2767,ASN-884,Videx,Vietnam,08-Nov-07,08-Nov-07,25mg,Chewable/dispersible tablet,Yes,2514.05,Direct Drop,"Didanosine 25mg [Videx], chewable tablets, 60 Tabs",8.96,800,5600.0,PMO - US,"BMS Meymac, France",Didanosine,7.0,07-03-07,SCMS-752,Pre-PQ Process,Pre-PQ Process,ARV,108-VN-T01,08-Nov-07,Air,Pediatric,60,0.12,BRISTOL-MYERS SQUIBB,CIP,161
10907,DN-461,Generic,Zambia,25-Jan-08,25-Jan-08,600mg,Tablet,Yes,13715.55,From RDC,"Efavirenz 600mg, tablets, 30 Tabs",877.05,44135,548156.7,PMO - US,"Aurobindo Unit III, India",Efavirenz,12.42,N/A - From RDC,SO-1028,Pre-PQ Process,Pre-PQ Process,ARV,110-ZM-T01,25-Jan-08,MIssing,Adult,30,0.41,SCMS from RDC,N/A - From RDC,3801
12378,DN-270,Generic,Zambia,07-Aug-07,07-Aug-07,600mg,Tablet,No,See DN-270 (ID#:10843),From RDC,"Efavirenz 600mg, tablets, 30 Tabs",1257.82,48348,786138.48,PMO - US,"Aurobindo Unit III, India",Efavirenz,16.26,N/A - From RDC,SO-314,Pre-PQ Process,Pre-PQ Process,ARV,110-ZM-T01,07-Aug-07,MIssing,Adult,30,0.54,SCMS from RDC,N/A - From RDC,See DN-270 (ID#:10843)
11608,DN-1052,Generic,Ethiopia,03-Mar-09,03-Mar-09,300mg,Tablet,No,See DN-1052 (ID#:10737),From RDC,"Tenofovir Disoproxil Fumarate 300mg, tablets, 30 Tabs",182.2,7000,92960.0,PMO - US,Mylan (formerly Matrix) Nashik,Tenofovir Disoproxil Fumarate,13.28,N/A - From RDC,SO-22020,Pre-PQ Process,Pre-PQ Process,ARV,117-ET-T01,03-Mar-09,Air,Adult,30,0.44,SCMS from RDC,N/A - From RDC,See DN-1052 (ID#:10737)
11990,DN-1314,Generic,CÃte dIvoire,14-Jul-09,14-Jul-09,600mg,Tablet,Yes,6111.2,From RDC,"Efavirenz 600mg, tablets, 30 Tabs",508.86,26710,259621.2,PMO - US,"Emcure Plot No.P-2, I.T-B.T. Park, Phase II, MIDC, Hinjwadi, Pune, India",Efavirenz,9.72,N/A - From RDC,SO-27531,Pre-PQ Process,Date Not Captured,ARV,104-CI-T01,14-Jul-09,Air,Adult,30,0.32,SCMS from RDC,N/A - From RDC,1866
10731,DN-971,Generic,Uganda,04-Nov-08,04-Nov-08,150/200/30mg,Tablet - FDC,Yes,3477,From RDC,"Lamivudine/Nevirapine/Stavudine 150/200/30mg, tablets, 60 Tabs",39.77,2742,20290.8,PMO - US,"Strides, Bangalore, India.",Lamivudine/Nevirapine/Stavudine,7.4,N/A - From RDC,SO-17420,Pre-PQ Process,Pre-PQ Process,ARV,114-UG-T01,04-Nov-08,Air,Adult,60,0.12,SCMS from RDC,N/A - From RDC,204
10674,DN-826,Generic,Tanzania,29-Jul-08,29-Jul-08,200mg,Tablet,Yes,15210,From RDC,"Nevirapine 200mg, tablets, 60 Tabs",7.07,1300,4420.0,PMO - US,"Ranbaxy, Paonta Shahib, India",Nevirapine,3.4,N/A - From RDC,SO-2560,Pre-PQ Process,Pre-PQ Process,ARV,109-TZ-T01,29-Jul-08,Air,Adult,60,0.06,SCMS from RDC,N/A - From RDC,16709
6626,ASN-276,Generic,Vietnam,14-Mar-07,14-Mar-07,1mg/ml,Oral solution,No,See ASN-276 (ID#:2686),Direct Drop,"Stavudine 1mg/ml, powder for oral solution, 200 ml",MIssing,1000,1450.0,PMO - US,"Aurobindo Unit III, India",Stavudine,1.45,11/14/06,SCMS-168,Pre-PQ Process,Pre-PQ Process,ARV,108-VN-T01,14-Mar-07,Air,Pediatric,200,0.01,Aurobindo Pharma Limited,EXW,See ASN-276 (ID#:2686)
10768,DN-1237,Generic,Swaziland,20-May-09,20-May-09,200mg,Capsule,No,See DN-1237 (ID#:10767),From RDC,"Efavirenz 200mg, capsule, 90 Caps",13.05,523,6657.79,PMO - US,"Aurobindo Unit III, India",Efavirenz,12.73,N/A - From RDC,SO-30800,Pre-PQ Process,Pre-PQ Process,ARV,100-SZ-T01,20-May-09,Air,Pediatric,90,0.14,SCMS from RDC,N/A - From RDC,See DN-1237 (ID#:10767)
12610,DN-1431,Viread,Tanzania,25-Sep-09,25-Sep-09,300mg,Tablet,Yes,2233.61,From RDC,"Tenofovir Disoproxil Fumarate 300mg [Viread], tablets, 30 Tabs",17.86,536,9112.0,PMO - US,"Aspen-OSD, Port Elizabeth, SA",Tenofovir Disoproxil Fumarate,17.0,N/A - From RDC,SO-18750,Pre-PQ Process,Date Not Captured,ARV,109-TZ-T01,25-Sep-09,Truck,Adult,30,0.57,SCMS from RDC,N/A - From RDC,41
11674,DN-1387,Generic,CÃte dIvoire,25-Aug-09,25-Aug-09,10mg/ml,Oral suspension,Yes,5233.52,From RDC,"Nevirapine 10mg/ml, oral suspension, Bottle, 240 ml",10.98,2917,5600.64,PMO - US,"Aurobindo Unit III, India",Nevirapine,1.92,N/A - From RDC,SO-32830,Pre-PQ Process,Date Not Captured,ARV,104-CI-T01,25-Aug-09,Air,Pediatric,240,0.01,SCMS from RDC,N/A - From RDC,1348
8590,ASN-2488,Kaletra,South Africa,08-Jul-08,08-Jul-08,80/20mg/ml,Oral solution,No,Freight Included in Commodity Cost,Direct Drop,"Lopinavir/Ritonavir 80/20mg/ml [Kaletra], oral solution, cool, Bottle 5 x 60 ml",0.57,10,354.6,PMO - US,ABBVIE (Abbott) Logis. UK,Lopinavir/Ritonavir,35.46,Date Not Captured,SCMS-26820,Pre-PQ Process,Pre-PQ Process,ARV,116-ZA-T01,10-Jul-08,Truck,Pediatric,300,0.12,S. BUYS WHOLESALER,DDP,Weight Captured Separately
3718,ASN-3675,Videx,Haiti,31-Mar-09,31-Mar-09,25mg,Chewable/dispersible tablet,No,See ASN-3675 (ID#:1046),Direct Drop,"Didanosine 25mg [Videx], chewable tablets, 60 Tabs",1.1,80,560.0,PMO - US,"BMS Meymac, France",Didanosine,7.0,03-06-09,SCMS-40000,Pre-PQ Process,Pre-PQ Process,ARV,106-HT-T01,31-Mar-09,Air,Pediatric,60,0.12,BRISTOL-MYERS SQUIBB,CIP,See ASN-3675 (ID#:1046)
11173,DN-344,Generic,Mozambique,05-Oct-07,05-Oct-07,150mg,Tablet,Yes,25442,From RDC,"Lamivudine 150mg, tablets, 60 Tabs",0.97,200,608.0,PMO - US,"Aurobindo Unit III, India",Lamivudine,3.04,N/A - From RDC,SO-924,Pre-PQ Process,Pre-PQ Process,ARV,111-MZ-T01,05-Oct-07,Air,Adult,60,0.05,SCMS from RDC,N/A - From RDC,4241
3360,ASN-2513,Clearview,Namibia,25-Sep-08,25-Sep-08,MIssing,Test kit,Yes,Invoiced Separately,Direct Drop,"HIV 1/2, Clearview Complete Kit, 25 Tests",0.12,1,75.0,PMO - US,Inverness Japan,"HIV 1/2, Clearview Complete Kit",75.0,8/26/08,SCMS-28850,Pre-PQ Process,Pre-PQ Process,HRDT,119-NA-T01,25-Sep-08,Air,HIV test,25,3.0,"Orgenics, Ltd",EXW,Weight Captured Separately
10895,DN-373,Generic,Nigeria,20-Sep-07,20-Sep-07,10mg/ml,Oral solution,No,See DN-373 (ID#:10623),From RDC,"Lamivudine 10mg/ml, oral solution, Bottle, 240 ml",1.62,390,1010.1,PMO - US,"Cipla, Goa, India",Lamivudine,2.59,N/A - From RDC,SO-565,Pre-PQ Process,Pre-PQ Process,ARV,112-NG-T01,20-Sep-07,Air,Pediatric,240,0.01,SCMS from RDC,N/A - From RDC,See DN-373 (ID#:10623)
13091,ASN-30792,Generic,South Africa,19-Feb-15,19-Feb-15,300mg,Tablet,Yes,Freight Included in Commodity Cost,Direct Drop,"Abacavir 300mg, tablets, 60 Tabs",0.21,3,206.97,PMO - US,"Aurobindo Unit III, India",Abacavir,68.99,05-08-14,SCMS-238550,FPQ-13973,4/30/14,ARV,116-ZA-T30,19-Feb-15,Truck,Adult,60,1.15,PHARMACY DIRECT,DDP,Weight Captured Separately
11709,DN-72,Generic,Nigeria,17-Apr-07,17-Apr-07,10mg/ml,Oral solution,No,See DN-72 (ID#:11097),From RDC,"Lamivudine 10mg/ml, oral solution, Bottle, 240 ml",MIssing,1200,2640.0,PMO - US,"Aurobindo Unit III, India",Lamivudine,2.2,N/A - From RDC,SO-340,Pre-PQ Process,Pre-PQ Process,ARV,112-NG-T01,17-Apr-07,MIssing,Pediatric,240,0.01,SCMS from RDC,N/A - From RDC,See DN-72 (ID#:11097)
8440,ASN-2400,Uni-Gold,Botswana,18-Nov-08,18-Nov-08,MIssing,Test kit,Yes,1225.17,Direct Drop,"HIV 1/2, Uni-Gold HIV Kit, 20 Tests",25.6,500,16000.0,PMO - US,"Trinity Biotech, Plc","HIV 1/2, Uni-Gold HIV Kit",32.0,4/28/08,SCMS-22740,Pre-PQ Process,Pre-PQ Process,HRDT,102-BW-T01,18-Nov-08,Air,HIV test,20,1.6,"Trinity Biotech, Plc",EXW,166
4921,ASN-3562,Generic,Vietnam,10-Apr-09,10-Apr-09,200mg,Tablet,No,See ASN-3562 (ID#:960),Direct Drop,"Nevirapine 200mg, tablets, 60 Tabs",29.56,5200,15080.0,PMO - US,"Aurobindo Unit III, India",Nevirapine,2.9,1/16/09,SCMS-37170,Pre-PQ Process,Pre-PQ Process,ARV,108-VN-T01,10-Apr-09,Air,Adult,60,0.05,Aurobindo Pharma Limited,EXW,See ASN-3562 (ID#:960)
12923,DN-1473,Kaletra,Ghana,12-Aug-09,12-Aug-09,80/20mg/ml,Oral solution,No,See DN-1473 (ID#:11358),From RDC,"Lopinavir/Ritonavir 80/20mg/ml [Kaletra], oral solution, cool, Bottle 5 x 60 ml",0.02,896,8.96,PMO - US,ABBVIE (Abbott) Logis. UK,Lopinavir/Ritonavir,0.01,N/A - From RDC,SO-33650,Pre-PQ Process,Date Not Captured,ARV,100-GH-T01,30-Sep-09,Truck,Pediatric,300,0.0,SCMS from RDC,N/A - From RDC,See DN-1473 (ID#:11358)
10577,DN-280,Generic,Guyana,09-Aug-07,09-Aug-07,300mg,Tablet,Yes,1920,From RDC,"Zidovudine 300mg, tablets, 60 Tabs",7.35,564,4596.6,PMO - US,"Aurobindo Unit III, India",Zidovudine,8.15,N/A - From RDC,SO-694,Pre-PQ Process,Pre-PQ Process,ARV,105-GY-T01,09-Aug-07,Air,Adult,60,0.14,SCMS from RDC,N/A - From RDC,34
414,ASN-1798,Determine,Namibia,04-Jun-08,04-Jun-08,MIssing,Test kit,Yes,1715.17,Direct Drop,"HIV 1/2, Determine HIV Kit, without Lancets, 100 Tests",16.36,142,10222.58,PMO - US,Inverness Japan,"HIV 1/2, Determine HIV Kit, without Lancets",71.99,3/18/08,SCMS-19130,Pre-PQ Process,Pre-PQ Process,HRDT,119-NA-T01,04-Jun-08,Air,HIV test,100,0.72,"Orgenics, Ltd",EXW,33
12608,DN-1396,Generic,Mozambique,07-Oct-09,07-Oct-09,150/30mg,Tablet - FDC,Yes,1588.05,From RDC,"Lamivudine/Stavudine 150/30mg, tablets, 60 Tabs",133.77,17500,68250.0,PMO - US,Mylan (formerly Matrix) Nashik,Lamivudine/Stavudine,3.9,N/A - From RDC,SO-32570,Pre-PQ Process,Date Not Captured,ARV,111-MZ-T01,07-Oct-09,Truck,Adult,60,0.06,SCMS from RDC,N/A - From RDC,1292
717,ASN-2472,Genie,CÃte dIvoire,02-Oct-08,02-Oct-08,MIssing,Test kit,Yes,11298.13,Direct Drop,"#108853** HIV, Genie II HIV-1/HIV-2 Kit, 40 Tests",60.8,500,38000.0,PMO - US,Bio-Rad Laboratories,"HIV, Genie II HIV-1/HIV-2 Kit",76.0,8/27/08,SCMS-29140,Pre-PQ Process,Pre-PQ Process,HRDT,104-CI-T01,02-Oct-08,Air,HIV test,40,1.9,BIO-RAD LABORATORIES (FRANCE),EXW,562
12078,DN-263,Crixivan,Rwanda,06-Aug-07,06-Aug-07,400mg,Capsule,Yes,1161,From RDC,"Indinavir 400mg [Crixivan], capsules, 180 Caps",8.96,112,5600.0,PMO - US,MSD Elkton USA,Indinavir,50.0,N/A - From RDC,SO-814,Pre-PQ Process,Pre-PQ Process,ARV,107-RW-T01,06-Aug-07,Air,Adult,180,0.28,SCMS from RDC,N/A - From RDC,24
10761,DN-1194,Truvada,Nigeria,30-Apr-09,30-Apr-09,300/200mg,Tablet - FDC,Yes,2922.53,From RDC,"Emtricitabine/Tenofovir Disoproxil Fumarate 200/300mg [Truvada], tablets, 30 Tabs",174.52,3392,89040.0,PMO - US,"Aspen-OSD, Port Elizabeth, SA",Emtricitabine/Tenofovir Disoproxil Fumarate,26.25,N/A - From RDC,SO-21787,Pre-PQ Process,Pre-PQ Process,ARV,151-NG-T01,30-Apr-09,Air,Adult,30,0.88,SCMS from RDC,N/A - From RDC,298
8464,ASN-2293,Videx EC,South Africa,08-May-08,08-May-08,400mg,Delayed-release capsules - blister,No,Freight Included in Commodity Cost,Direct Drop,"Didanosine EC 400mg [Videx EC], delayed-release capsules, Blister 3 x 10 Caps",3.15,80,1968.0,PMO - US,"BMS Meymac, France",Didanosine EC,24.6,Date Not Captured,SCMS-23500,Pre-PQ Process,Pre-PQ Process,ARV,116-ZA-T01,20-Aug-08,Truck,Adult,30,0.82,S. BUYS WHOLESALER,DDP,Weight Captured Separately
11099,DN-115,Aluvia,Zimbabwe,26-Apr-07,26-Apr-07,200/50mg,Tablet,Yes,907.41,From RDC,"Lopinavir/Ritonavir 200/50mg [Aluvia], tablets, 120 Tabs",MIssing,400,16440.0,PMO - US,ABBVIE Ludwigshafen Germany,Lopinavir/Ritonavir,41.1,N/A - From RDC,SO-337,Pre-PQ Process,Pre-PQ Process,ARV,113-ZW-T01,26-Apr-07,MIssing,Adult,120,0.34,SCMS from RDC,N/A - From RDC,87
12786,DN-831,Generic,Tanzania,21-Aug-08,21-Aug-08,150/200/30mg,Tablet - FDC,Yes,24594.29,From RDC,"Lamivudine/Nevirapine/Stavudine 150/200/30mg, tablets, 60 Tabs",473.6,40000,296000.0,PMO - US,"Cipla, Goa, India",Lamivudine/Nevirapine/Stavudine,7.4,N/A - From RDC,SO-10970,Pre-PQ Process,Pre-PQ Process,ARV,109-TZ-T01,21-Aug-08,Air,Adult,60,0.12,SCMS from RDC,N/A - From RDC,4289
5365,ASN-664,Generic,Haiti,13-Aug-07,13-Aug-07,MIssing,Test kit - Ancillary,Yes,Invoiced Separately,Direct Drop,"HIV, Lancet, Safety, for HIV Test kits, 100 Pcs",0.01,450,4.5,PMO - US,Inverness Japan,"HIV, Lancet, Safety, for HIV Test kits, 100 Pcs",0.01,7/26/07,SCMS-10080,Pre-PQ Process,Pre-PQ Process,HRDT,100-HT-T01,13-Aug-07,Air,HIV test - Ancillary,100,0.0,"Orgenics, Ltd",EXW,Weight Captured Separately
630,ASN-2366,Coartem,Nigeria,09-Sep-08,09-Sep-08,20/120mg,Tablet - FDC + blister,Yes,1755.87,Direct Drop,"Artemether/Lumefantrine 20/120mg [Coartem], scored tablets, Blister 30 x 18 Tabs",2.48,34,1547.68,PMO - US,"Novartis Pharma AG, Switzerland",Artemether/Lumefantrine,45.52,07-02-08,SCMS-26560,Pre-PQ Process,Pre-PQ Process,ACT,112-NG-T01,25-Feb-09,Air,ACT,540,0.08,IDA FOUNDATION,EXW,115
5428,ASN-794,Bioline,CÃte dIvoire,23-Oct-07,23-Oct-07,MIssing,Test kit,Yes,7961.7,Direct Drop,"HIV 1/2, Bioline 3.0 Kit, (no accessories), 30 Tests",75.2,2000,47000.0,PMO - US,"Standard Diagnostics, Korea","HIV 1/2, Bioline 3.0 Kit (no accessories)",23.5,9/18/07,SCMS-12400,Pre-PQ Process,Pre-PQ Process,HRDT,104-CI-T01,23-Oct-07,Air,HIV test,30,0.78,"Standard Diagnostics, Inc.",EXW,750
11710,DN-94,Generic,Nigeria,17-Apr-07,17-Apr-07,150/300+200mg,Tablet - FDC + co-blister,Yes,2208,From RDC,"Lamivudine/Zidovudine+Nevirapine 150/300+200mg, tablets, co-blister, 60+60 Tabs",MIssing,2703,55411.5,PMO - US,"Aspen-OSD, Port Elizabeth, SA",Lamivudine/Zidovudine+Nevirapine,20.5,N/A - From RDC,SO-342,Pre-PQ Process,Pre-PQ Process,ARV,112-NG-T01,17-Apr-07,MIssing,Adult,120,0.17,SCMS from RDC,N/A - From RDC,401
1085,ASN-4358,Retrovir,South Africa,29-Apr-09,29-Apr-09,300mg,Tablet,Yes,Freight Included in Commodity Cost,Direct Drop,"Zidovudine 300mg [Retrovir], tablets, 60 Tabs",158.05,6000,80640.0,PMO - US,GSK Aranda,Zidovudine,13.44,3/27/09,SCMS-41589,Pre-PQ Process,Pre-PQ Process,ARV,116-ZA-T01,25-Jun-09,Air,Adult,60,0.22,S. BUYS WHOLESALER,DDP,Weight Captured Separately
11433,DN-308,Generic,Mozambique,04-Sep-07,04-Sep-07,30mg,Capsule,Yes,1998.5,From RDC,"Stavudine 30mg, capsules, 60 Caps",1.53,630,957.6,PMO - US,"Aurobindo Unit III, India",Stavudine,1.52,N/A - From RDC,SO-927,Pre-PQ Process,Pre-PQ Process,ARV,111-MZ-T01,04-Sep-07,Air,Adult,60,0.03,SCMS from RDC,N/A - From RDC,36
8437,ASN-1908,Determine,Botswana,31-Jul-08,31-Jul-08,MIssing,Test kit,Yes,641.06,Direct Drop,"HIV 1/2, Determine HIV Kit, without Lancets, 100 Tests",11.52,100,7199.0,PMO - US,Inverness Japan,"HIV 1/2, Determine HIV Kit, without Lancets",71.99,4/28/08,SCMS-22700,Pre-PQ Process,Pre-PQ Process,HRDT,102-BW-T01,31-Jul-08,Air,HIV test,100,0.72,"Orgenics, Ltd",EXW,28
8438,ASN-1909,Generic,Botswana,11-Jul-08,11-Jul-08,MIssing,Test kit - Ancillary,Yes,Invoiced Separately,Direct Drop,"HIV, Lancet, Safety, for HIV Test kits, 100 Pcs",0,100,1.0,PMO - US,Inverness Japan,"HIV, Lancet, Safety, for HIV Test kits, 100 Pcs",0.01,4/28/08,SCMS-22700,Pre-PQ Process,Pre-PQ Process,HRDT,102-BW-T01,31-Jul-08,Air,HIV test - Ancillary,100,0.0,"Orgenics, Ltd",EXW,Weight Captured Separately
11921,DN-909,Generic,Nigeria,22-Sep-08,22-Sep-08,150/300mg,Tablet - FDC,No,See DN-909 (ID#:10727),From RDC,"Lamivudine/Zidovudine 150/300mg, tablets, 60 Tabs",34.99,2339,21869.65,PMO - US,Mylan (formerly Matrix) Nashik,Lamivudine/Zidovudine,9.35,N/A - From RDC,SO-10580,Pre-PQ Process,Pre-PQ Process,ARV,130-NG-T01,22-Sep-08,Air,Adult,60,0.16,SCMS from RDC,N/A - From RDC,See DN-909 (ID#:10727)
11573,DN-1009,Generic,Nigeria,17-Nov-08,17-Nov-08,200mg,Tablet,Yes,4401.4,From RDC,"Nevirapine 200mg, tablets, 60 Tabs",16.35,2454,8343.6,PMO - US,"Aurobindo Unit III, India",Nevirapine,3.4,N/A - From RDC,SO-10650,Pre-PQ Process,Pre-PQ Process,ARV,130-NG-T01,17-Nov-08,Air,Adult,60,0.06,SCMS from RDC,N/A - From RDC,231
11657,DN-1308,Generic,CÃte dIvoire,08-Jul-09,08-Jul-09,10mg/ml,Oral solution,Yes,4329.01,From RDC,"Lamivudine 10mg/ml, oral solution, Bottle, 240 ml",13.03,3500,6650.0,PMO - US,"Aurobindo Unit III, India",Lamivudine,1.9,N/A - From RDC,SO-27550,Pre-PQ Process,Date Not Captured,ARV,104-CI-T01,08-Jul-09,Air,Pediatric,240,0.01,SCMS from RDC,N/A - From RDC,1208
12511,DN-690,Aluvia,Haiti,14-Apr-08,14-Apr-08,200/50mg,Tablet,No,See DN-690 (ID#:10706),From RDC,"Lopinavir/Ritonavir 200/50mg [Aluvia], tablets, 120 Tabs",15.78,240,9864.0,PMO - US,ABBVIE Ludwigshafen Germany,Lopinavir/Ritonavir,41.1,N/A - From RDC,SO-2055,Pre-PQ Process,Pre-PQ Process,ARV,106-HT-T01,14-Apr-08,Air,Adult,120,0.34,SCMS from RDC,N/A - From RDC,See DN-690 (ID#:10706)
10983,DN-946,Generic,Haiti,20-Oct-08,20-Oct-08,200mg,Tablet,Yes,43041.34,From RDC,"Nevirapine 200mg, tablets, 60 Tabs",103.35,20186,64595.2,PMO - US,"Aurobindo Unit III, India",Nevirapine,3.2,N/A - From RDC,SO-15960,Pre-PQ Process,Pre-PQ Process,ARV,106-HT-T01,20-Oct-08,Air,Adult,60,0.05,SCMS from RDC,N/A - From RDC,4218
5800,ASN-2293,Videx,South Africa,08-May-08,08-May-08,100mg,Chewable/dispersible tablet,No,Freight Included in Commodity Cost,Direct Drop,"Didanosine 100mg [Videx],chewable tablets, 60 Tabs",0.09,4,56.16,PMO - US,"BMS Meymac, France",Didanosine,14.04,Date Not Captured,SCMS-23500,Pre-PQ Process,Pre-PQ Process,ARV,116-ZA-T01,20-Aug-08,Truck,Pediatric,60,0.23,S. BUYS WHOLESALER,DDP,Weight Captured Separately
12714,DN-329,Aluvia,Zambia,31-Aug-07,31-Aug-07,200/50mg,Tablet,Yes,4119.6,From RDC,"Lopinavir/Ritonavir 200/50mg [Aluvia], tablets, 120 Tabs",268.17,4078,167605.8,PMO - US,ABBVIE Ludwigshafen Germany,Lopinavir/Ritonavir,41.1,N/A - From RDC,SO-626,Pre-PQ Process,Pre-PQ Process,ARV,110-ZM-T01,31-Aug-07,MIssing,Adult,120,0.34,SCMS from RDC,N/A - From RDC,885
1360,ASN-926,Generic,Vietnam,23-Nov-07,23-Nov-07,600mg,Tablet,Yes,16095.39,Direct Drop,"Efavirenz 600mg, tablets, 30 Tabs",443.88,22500,277425.0,PMO - US,"Aurobindo Unit III, India",Efavirenz,12.33,07-04-07,SCMS-754,Pre-PQ Process,Pre-PQ Process,ARV,108-VN-T01,23-Nov-07,Air,Adult,30,0.41,Aurobindo Pharma Limited,EXW,1955
9579,ASN-1592,Stat-Pak,Nigeria,21-Apr-08,21-Apr-08,MIssing,Test kit,Yes,15636.7,Direct Drop,"HIV 1/2, Stat-Pak HIV, Kit, 20 Tests",333.46,7719,208413.0,PMO - US,Chembio Diagnostics Sys. Inc.,"HIV 1/2, Stat-Pak HIV, Kit",27.0,01-07-08,SCMS-16880,Pre-PQ Process,Pre-PQ Process,HRDT,102-NG-T01,21-Apr-08,Air,HIV test,20,1.35,"CHEMBIO DIAGNOSTIC SYSTEMS, INC.",EXW,2502
12542,DN-1093,Generic,Uganda,03-Mar-09,03-Mar-09,150/300/200mg,Tablet - FDC,Yes,1002.2,From RDC,"Lamivudine/Nevirapine/Zidovudine 150/200/300mg, tablets, 60 Tabs",2.04,88,1038.4,PMO - US,"Aurobindo Unit III, India",Lamivudine/Nevirapine/Zidovudine,11.8,N/A - From RDC,SO-17752,Pre-PQ Process,Pre-PQ Process,ARV,114-UG-T01,03-Mar-09,Air,Adult,60,0.2,SCMS from RDC,N/A - From RDC,10
11694,DN-1488,Generic,Lebanon,24-Nov-09,24-Nov-09,150mg,Tablet,No,See DN-1488 (ID#:11074),From RDC,"Lamivudine 150mg, tablets, 60 Tabs",0,200,2.0,PMO - US,Hetero Unit III Hyderabad IN,Lamivudine,0.01,N/A - From RDC,SO-33910,Pre-PQ Process,Date Not Captured,ARV,100-LB-T01,24-Nov-09,Air,Adult,60,0.0,SCMS from RDC,N/A - From RDC,See DN-1488 (ID#:11074)
12926,DN-1502,Generic,Ethiopia,27-Oct-09,27-Oct-09,200mg,Tablet,Yes,6027.68,From RDC,"Nevirapine 200mg, tablets, 60 Tabs",80.49,12873,37331.7,PMO - US,"Aurobindo Unit III, India",Nevirapine,2.9,N/A - From RDC,SO-34350,Pre-PQ Process,Date Not Captured,ARV,117-ET-T01,27-Oct-09,Air,Adult,60,0.05,SCMS from RDC,N/A - From RDC,1258
11821,DN-500,Generic,Rwanda,05-Dec-07,05-Dec-07,MIssing,Test kit - Ancillary,No,See DN-500 (ID#:11213),From RDC,"HIV, Lancet, Safety, for HIV Test kits, 100 Pcs",0.01,405,4.05,PMO - US,Inverness Japan,"HIV, Lancet, Safety, for HIV Test kits, 100 Pcs",0.01,N/A - From RDC,SO-1448,Pre-PQ Process,Pre-PQ Process,HRDT,107-RW-T01,05-Dec-07,Air,HIV test - Ancillary,100,0.0,SCMS from RDC,N/A - From RDC,See DN-500 (ID#:11213)
12426,DN-422,Generic,Nigeria,09-Nov-07,09-Nov-07,150/200/30mg,Tablet - FDC,No,See DN-422 (ID#:10634),From RDC,"Lamivudine/Nevirapine/Stavudine 150/200/30mg, tablets, 60 Tabs",14.95,1246,9345.0,PMO - US,"Cipla, Goa, India",Lamivudine/Nevirapine/Stavudine,7.5,N/A - From RDC,SO-1109,Pre-PQ Process,Pre-PQ Process,ARV,112-NG-T01,09-Nov-07,Air,Adult,60,0.12,SCMS from RDC,N/A - From RDC,See DN-422 (ID#:10634)
12107,DN-343,Generic,Zambia,07-Sep-07,07-Sep-07,20mg/ml,Oral solution,Yes,1886.39,From RDC,"Abacavir 20mg/ml, oral solution, Bottle, 240 ml",26.4,1000,16500.0,PMO - US,"Aurobindo Unit III, India",Abacavir,16.5,N/A - From RDC,SO-822,Pre-PQ Process,Pre-PQ Process,ARV,110-ZM-T01,07-Sep-07,MIssing,Pediatric,240,0.07,SCMS from RDC,N/A - From RDC,355
8185,ASN-1251,Stocrin/Sustiva,South Africa,29-Jan-08,29-Jan-08,200mg,Capsule,No,Freight Included in Commodity Cost,Direct Drop,"Efavirenz 200mg [Stocrin/Sustiva], capsule, 90 Caps",3.38,60,2112.0,PMO - US,"MSD Midrand, Jburg, SA",Efavirenz,35.2,11-12-07,SCMS-14050,Pre-PQ Process,Pre-PQ Process,ARV,116-ZA-T01,29-Jan-08,MIssing,Pediatric,90,0.39,"JSI R&T INSTITUTE, INC.",DDP,Weight Captured Separately
12130,DN-475,Generic,Nigeria,03-Dec-07,03-Dec-07,150/200/40mg,Tablet - FDC,No,See DN-475 (ID#:10642),From RDC,"Lamivudine/Nevirapine/Stavudine 150/200/40mg, tablets, 60 Tabs",14.66,1190,9163.0,PMO - US,"Cipla, Goa, India",Lamivudine/Nevirapine/Stavudine,7.7,N/A - From RDC,SO-567,Pre-PQ Process,Pre-PQ Process,ARV,112-NG-T01,03-Dec-07,Air,Adult,60,0.13,SCMS from RDC,N/A - From RDC,See DN-475 (ID#:10642)
6972,ASN-1430,OraQuick,Lesotho,12-Mar-08,12-Mar-08,MIssing,Test kit,Yes,Freight Included in Commodity Cost,Direct Drop,"HIV 1/2, OraQuick Advance HIV Rapid Antibody Kit, 100 Tests",3.92,7,2450.0,PMO - US,"Pacific Biotech, Thailand","HIV 1/2, OraQuick Advance HIV Rapid Antibody Kit",350.0,2/27/08,SCMS-18360,Pre-PQ Process,Pre-PQ Process,HRDT,102-LS-T01,12-Mar-08,Air,HIV test,100,3.5,Orasure Technologies Inc.,DDP,Weight Captured Separately
9550,ASN-1329,Viread,Ethiopia,04-Mar-08,04-Mar-08,300mg,Tablet,No,See ASN-1329 (ID#:6896),Direct Drop,"Tenofovir Disoproxil Fumarate 300mg [Viread], tablets, 30 Tabs",0.01,780,7.8,PMO - US,"Aspen-OSD, Port Elizabeth, SA",Tenofovir Disoproxil Fumarate,0.01,01-03-08,SCMS-16220,Pre-PQ Process,Pre-PQ Process,ARV,117-ET-T01,04-Mar-08,Air,Adult,30,0.0,ASPEN PHARMACARE,EXW,See ASN-1329 (ID#:6896)
11361,DN-1565,Generic,Tanzania,14-Jan-10,14-Jan-10,300mg,Tablet,Yes,2751,From RDC,"Abacavir 300mg, tablets, 60 Tabs",294.45,6376,136573.92,PMO - US,"Aurobindo Unit III, India",Abacavir,21.42,N/A - From RDC,SO-31284,Pre-PQ Process,Date Not Captured,ARV,109-TZ-T01,14-Jan-10,Truck,Adult,60,0.36,SCMS from RDC,N/A - From RDC,640
11989,DN-1289,Generic,Zimbabwe,22-Jun-09,22-Jun-09,600mg,Tablet,No,See DN-1289 (ID#:11332),From RDC,"Efavirenz 600mg, tablets, 30 Tabs",83.26,4000,42480.0,PMO - US,"Aurobindo Unit III, India",Efavirenz,10.62,N/A - From RDC,SO-21010,Pre-PQ Process,Pre-PQ Process,ARV,113-ZW-T01,22-Jun-09,Truck,Adult,30,0.35,SCMS from RDC,N/A - From RDC,See DN-1289 (ID#:11332)
5678,ASN-1665,Truvada,South Africa,24-Apr-08,24-Apr-08,300/200mg,Tablet - FDC,No,Freight Included in Commodity Cost,Direct Drop,"Emtricitabine/Tenofovir Disoproxil Fumarate 200/300mg [Truvada], tablets, 30 Tabs",1.16,20,723.4,PMO - US,"Aspen-OSD, Port Elizabeth, SA",Emtricitabine/Tenofovir Disoproxil Fumarate,36.17,2/20/08,SCMS-19800,Pre-PQ Process,Pre-PQ Process,ARV,116-ZA-T01,24-Apr-08,Truck,Adult,30,1.21,S. BUYS WHOLESALER,DDP,Weight Captured Separately
11345,DN-1359,Generic,CÃte dIvoire,08-Sep-09,08-Sep-09,300mg,Tablet,Yes,Freight Included in Commodity Cost,From RDC,"Zidovudine 300mg, tablets, 60 Tabs",118.07,8000,60240.0,PMO - US,Hetero Unit III Hyderabad IN,Zidovudine,7.53,N/A - From RDC,SO-32230,Pre-PQ Process,Date Not Captured,ARV,104-CI-T01,08-Sep-09,Air,Adult,60,0.13,SCMS from RDC,N/A - From RDC,452
11718,DN-86,Generic,CÃte dIvoire,30-Apr-07,30-Apr-07,150/200/30mg,Tablet - FDC,Yes,3205,From RDC,"Lamivudine/Nevirapine/Stavudine 150/200/30mg, tablets, 60 Tabs",MIssing,9000,67500.0,PMO - US,"Cipla, Goa, India",Lamivudine/Nevirapine/Stavudine,7.5,N/A - From RDC,SO-439,Pre-PQ Process,Pre-PQ Process,ARV,100-CI-T01,30-Apr-07,MIssing,Adult,60,0.12,SCMS from RDC,N/A - From RDC,992
12215,DN-1047,Generic,CÃte dIvoire,19-Jan-09,19-Jan-09,150/300/200mg,Tablet - FDC,Yes,5048.32,From RDC,"Lamivudine/Nevirapine/Zidovudine 150/200/300mg, tablets, 60 Tabs",231.28,10000,118000.0,PMO - US,"Aurobindo Unit III, India",Lamivudine/Nevirapine/Zidovudine,11.8,N/A - From RDC,SO-16210,Pre-PQ Process,Pre-PQ Process,ARV,104-CI-T01,19-Jan-09,Air,Adult,60,0.2,SCMS from RDC,N/A - From RDC,1456
130,ASN-628,Determine,Haiti,21-Aug-07,21-Aug-07,MIssing,Test kit,Yes,3518.38,Direct Drop,"HIV 1/2, Determine HIV Kit, without Lancets, 100 Tests",86.39,750,53992.5,PMO - US,Inverness Japan,"HIV 1/2, Determine HIV Kit, without Lancets",71.99,7/26/07,SCMS-10080,Pre-PQ Process,Pre-PQ Process,HRDT,100-HT-T01,13-Aug-07,Air,HIV test,100,0.72,"Orgenics, Ltd",EXW,171
11202,DN-442,Stocrin/Sustiva,CÃte dIvoire,22-Nov-07,22-Nov-07,30mg/ml,Oral solution,Yes,4963,From RDC,"Efavirenz 30mg/ml [Stocrin/Sustiva], oral solution, Bottle, 180 ml",110.7,4077,69186.69,PMO - US,"MSD, Haarlem, NL",Efavirenz,16.97,N/A - From RDC,SO-1103,Pre-PQ Process,Pre-PQ Process,ARV,104-CI-T01,22-Nov-07,Air,Pediatric,180,0.09,SCMS from RDC,N/A - From RDC,1554
1109,ASN-4086,Aluvia,CÃte dIvoire,30-Jun-09,30-Jun-09,200/50mg,Tablet,Yes,14806.48,Direct Drop,"Lopinavir/Ritonavir 200/50mg [Aluvia], tablets, 120 Tabs",824.89,10240,420864.0,PMO - US,ABBVIE Ludwigshafen Germany,Lopinavir/Ritonavir,41.1,3/30/09,SCMS-42210,Pre-PQ Process,Pre-PQ Process,ARV,104-CI-T01,30-Jun-09,Air,Adult,120,0.34,ABBVIE LOGISTICS (FORMERLY ABBOTT LOGISTICS BV),FCA,2523
12462,DN-572,Generic,Rwanda,28-Jan-08,28-Jan-08,MIssing,Test kit - Ancillary,No,See DN-572 (ID#:11840),From RDC,"HIV, Lancet, Safety, for HIV Test kits, 100 Pcs",0.02,1250,12.5,PMO - US,Inverness Japan,"HIV, Lancet, Safety, for HIV Test kits, 100 Pcs",0.01,N/A - From RDC,SO-1223,Pre-PQ Process,Pre-PQ Process,HRDT,107-RW-T01,28-Jan-08,Air,HIV test - Ancillary,100,0.0,SCMS from RDC,N/A - From RDC,See DN-572 (ID#:11840)
10597,DN-354,Generic,Zimbabwe,18-Sep-07,18-Sep-07,150/30mg,Tablet - FDC,Yes,2099,From RDC,"Lamivudine/Stavudine 150/30mg, tablets, 30 Tabs",1.72,537,1074.0,PMO - US,"Cipla, Goa, India",Lamivudine/Stavudine,2.0,N/A - From RDC,SO-1074,Pre-PQ Process,Pre-PQ Process,ARV,100-ZW-T01,18-Sep-07,Truck,Adult,30,0.07,SCMS from RDC,N/A - From RDC,143
10711,DN-1143,Generic,Uganda,02-Apr-09,02-Apr-09,150/300mg,Tablet - FDC,Yes,5401.95,From RDC,"Lamivudine/Zidovudine 150/300mg, tablets, 60 Tabs",64.23,3505,32771.75,PMO - US,"Aurobindo Unit III, India",Lamivudine/Zidovudine,9.35,N/A - From RDC,SO-17760,Pre-PQ Process,Pre-PQ Process,ARV,114-UG-T01,02-Apr-09,Air,Adult,60,0.16,SCMS from RDC,N/A - From RDC,6556
11711,DN-111,OraQuick,Haiti,11-May-07,11-May-07,MIssing,Test kit,Yes,1027,From RDC,"HIV 1/2, OraQuick Advance HIV Rapid Antibody Kit, 100 Tests",MIssing,10,4000.0,PMO - US,"Pacific Biotech, Thailand","HIV 1/2, OraQuick Advance HIV Rapid Antibody Kit",400.0,N/A - From RDC,SO-419,Pre-PQ Process,Pre-PQ Process,HRDT,100-HT-T01,11-May-07,MIssing,HIV test,100,4.0,SCMS from RDC,N/A - From RDC,24
10464,ASN-4658,Clearview,Namibia,08-Sep-09,08-Sep-09,MIssing,Test kit,Yes,5213.02,Direct Drop,"HIV 1/2, Clearview Complete Kit, 25 Tests",139.65,950,71250.0,PMO - US,Chembio Diagnostics Sys. Inc.,"HIV 1/2, Clearview Complete Kit",75.0,5/18/09,SCMS-46050,Pre-PQ Process,Pre-PQ Process,HRDT,119-NA-T01,08-Sep-09,Air,HIV test,25,3.0,"Orgenics, Ltd",EXW,760
11045,DN-1235,Generic,Ghana,12-Aug-09,12-Aug-09,15mg,Capsule,No,See DN-1235 (ID#:10769),From RDC,"Stavudine 15mg, capsules, 60 Caps",0,150,1.5,PMO - US,"Aurobindo Unit III, India",Stavudine,0.01,N/A - From RDC,SO-30700,Pre-PQ Process,Date Not Captured,ARV,100-GH-T01,12-Aug-09,Truck,Adult,60,0.0,SCMS from RDC,N/A - From RDC,See DN-1235 (ID#:10769)
11206,DN-453,Generic,Zambia,06-Dec-07,06-Dec-07,600mg,Tablet,Yes,636.52,From RDC,"Efavirenz 600mg, tablets, 30 Tabs",3,96,1872.0,PMO - US,"Cipla, Goa, India",Efavirenz,19.5,N/A - From RDC,SO-1084,Pre-PQ Process,Pre-PQ Process,ARV,110-ZM-T01,06-Dec-07,MIssing,Adult,30,0.65,SCMS from RDC,N/A - From RDC,5
11577,DN-912,Generic,Zambia,23-Sep-08,23-Sep-08,150/300mg,Tablet - FDC,Yes,6269.7,From RDC,"Lamivudine/Zidovudine 150/300mg, tablets, 60 Tabs",399.2,26402,249498.9,PMO - US,"Aurobindo Unit III, India",Lamivudine/Zidovudine,9.45,N/A - From RDC,SO-2486,Pre-PQ Process,Pre-PQ Process,ARV,110-ZM-T01,23-Sep-08,Truck,Adult,60,0.16,SCMS from RDC,N/A - From RDC,6986
5534,ASN-1230,Generic,Vietnam,01-Feb-08,01-Feb-08,15mg,Capsule,No,See ASN-1230 (ID#:1530),Direct Drop,"Stavudine 15mg, capsules, 60 Caps",1.44,600,900.0,PMO - US,"Aurobindo Unit III, India",Stavudine,1.5,12-05-07,SCMS-14760,Pre-PQ Process,Pre-PQ Process,ARV,108-VN-T01,01-Feb-08,Air,Adult,60,0.02,Aurobindo Pharma Limited,EXW,See ASN-1230 (ID#:1530)
10658,DN-535,Generic,Nigeria,09-Jan-08,09-Jan-08,150/300mg,Tablet - FDC,Yes,2230,From RDC,"Lamivudine/Zidovudine 150/300mg, tablets, 60 Tabs",5.58,367,3486.5,PMO - US,"Aurobindo Unit III, India",Lamivudine/Zidovudine,9.5,N/A - From RDC,SO-1570,Pre-PQ Process,Pre-PQ Process,ARV,112-NG-T01,09-Jan-08,Air,Adult,60,0.16,SCMS from RDC,N/A - From RDC,447
11562,DN-1029,Generic,Zambia,11-Dec-08,11-Dec-08,300mg,Tablet,Yes,1659.48,From RDC,"Zidovudine 300mg, tablets, 60 Tabs",36.84,2306,18793.9,PMO - US,"Aurobindo Unit III, India",Zidovudine,8.15,N/A - From RDC,SO-19411,Pre-PQ Process,Pre-PQ Process,ARV,110-ZM-T01,11-Dec-08,Air,Adult,60,0.14,SCMS from RDC,N/A - From RDC,132
10942,DN-587,Crixivan,CÃte dIvoire,05-Feb-08,05-Feb-08,400mg,Capsule,Yes,4680.1,From RDC,"Indinavir 400mg [Crixivan], capsules, 180 Caps",443.04,5538,276900.0,PMO - US,"MSD, Haarlem, NL",Indinavir,50.0,N/A - From RDC,SO-1663,Pre-PQ Process,Pre-PQ Process,ARV,104-CI-T01,06-Mar-08,Air,Adult,180,0.28,SCMS from RDC,N/A - From RDC,1230
836,ASN-3892,Viread,South Africa,17-May-09,17-May-09,300mg,Tablet,Yes,Freight Included in Commodity Cost,Direct Drop,"Tenofovir Disoproxil Fumarate 300mg [Viread], tablets, 30 Tabs",5.38,120,2745.6,PMO - US,"Aspen-OSD, Port Elizabeth, SA",Tenofovir Disoproxil Fumarate,22.88,Date Not Captured,SCMS-33320,Pre-PQ Process,Pre-PQ Process,ARV,116-ZA-T01,17-May-09,Truck,Adult,30,0.76,S. BUYS WHOLESALER,DDP,Weight Captured Separately
10625,DN-373,Generic,Nigeria,20-Sep-07,20-Sep-07,150/200/40mg,Tablet - FDC,No,See DN-373 (ID#:10623),From RDC,"Lamivudine/Nevirapine/Stavudine 150/200/40mg, tablets, 60 Tabs",13.95,1132,8716.4,PMO - US,"Cipla, Goa, India",Lamivudine/Nevirapine/Stavudine,7.7,N/A - From RDC,SO-565,Pre-PQ Process,Pre-PQ Process,ARV,112-NG-T01,20-Sep-07,Air,Adult,60,0.13,SCMS from RDC,N/A - From RDC,See DN-373 (ID#:10623)
9841,ASN-2106,Coartem,Nigeria,05-Aug-08,05-Aug-08,20/120mg,Tablet - FDC + blister,Yes,1976.57,Direct Drop,"Artemether/Lumefantrine 20/120mg [Coartem], scored tablets, Blister 30 x 18 Tabs",2.48,34,1547.68,PMO - US,"Novartis Pharma AG, Switzerland",Artemether/Lumefantrine,45.52,6/30/08,SCMS-26290,Pre-PQ Process,Pre-PQ Process,ACT,112-NG-T01,05-Aug-08,Air,ACT,540,0.08,IDA FOUNDATION,EXW,159
12203,DN-729,Generic,Nigeria,09-May-08,09-May-08,200mg,Tablet,No,See DN-729 (ID#:11895),From RDC,"Nevirapine 200mg, tablets, 60 Tabs",9.06,1666,5664.4,PMO - US,"Aurobindo Unit III, India",Nevirapine,3.4,N/A - From RDC,SO-2500,Pre-PQ Process,Pre-PQ Process,ARV,130-NG-T01,09-May-08,Air,Adult,60,0.06,SCMS from RDC,N/A - From RDC,See DN-729 (ID#:11895)
11675,DN-1387,Generic,CÃte dIvoire,25-Aug-09,25-Aug-09,100mg,Capsule,No,See DN-1387 (ID#:11674),From RDC,"Zidovudine 100mg, capsules, 100 Caps",35.4,3612,18060.0,PMO - US,"Aurobindo Unit III, India",Zidovudine,5.0,N/A - From RDC,SO-32830,Pre-PQ Process,Date Not Captured,ARV,104-CI-T01,25-Aug-09,Air,Pediatric,100,0.05,SCMS from RDC,N/A - From RDC,See DN-1387 (ID#:11674)
12755,DN-515,Genie,Nigeria,09-Jan-08,09-Jan-08,MIssing,Test kit,Yes,3147,From RDC,"#108853** HIV, Genie II HIV-1/HIV-2 Kit, 40 Tests",45.6,375,28500.0,PMO - US,Bio-Rad Laboratories,"HIV, Genie II HIV-1/HIV-2 Kit",76.0,N/A - From RDC,SO-1504,Pre-PQ Process,Pre-PQ Process,HRDT,102-NG-T01,09-Jan-08,Air,HIV test,40,1.9,SCMS from RDC,N/A - From RDC,411
11708,DN-90,Generic,Mozambique,04-May-07,04-May-07,300mg,Tablet,Yes,596.4,From RDC,"Zidovudine 300mg, tablets, 60 Tabs",MIssing,4000,34080.0,PMO - US,"Ranbaxy, Paonta Shahib, India",Zidovudine,8.52,N/A - From RDC,SO-458,Pre-PQ Process,Pre-PQ Process,ARV,111-MZ-T01,04-May-07,Air,Adult,60,0.14,SCMS from RDC,N/A - From RDC,Weight Captured Separately
2559,ASN-4094,Generic,Vietnam,08-Jun-09,08-Jun-09,250mg,Delayed-release capsules,Yes,4111.71,Direct Drop,"Didanosine 250mg, delayed-release capsules, 30 Caps",3.82,150,1950.0,PMO - US,"Aurobindo Unit III, India",Didanosine,13.0,4/29/09,SCMS-44980,Pre-PQ Process,Pre-PQ Process,ARV,108-VN-T01,08-Jun-09,Air,Adult,30,0.43,Aurobindo Pharma Limited,EXW,30
6106,ASN-2903,Stat-Pak,Ethiopia,24-Nov-08,24-Nov-08,MIssing,Test kit,Yes,15619.2,Direct Drop,"HIV 1/2, Stat-Pak HIV, Kit, 20 Tests",474.37,8964,242028.0,PMO - US,Chembio Diagnostics Sys. Inc.,"HIV 1/2, Stat-Pak HIV, Kit",27.0,10/22/08,SCMS-32410,Pre-PQ Process,Pre-PQ Process,HRDT,117-ET-T01,30-Jan-09,Air,HIV test,20,1.35,"CHEMBIO DIAGNOSTIC SYSTEMS, INC.",EXW,3231
12738,DN-416,Aluvia,Guyana,07-Nov-07,07-Nov-07,200/50mg,Tablet,No,See DN-416 (ID#:12125),From RDC,"Lopinavir/Ritonavir 200/50mg [Aluvia], tablets, 120 Tabs",129.68,986,81049.2,PMO - US,ABBVIE Ludwigshafen Germany,Lopinavir/Ritonavir,82.2,N/A - From RDC,SO-1233,Pre-PQ Process,Pre-PQ Process,ARV,105-GY-T01,07-Nov-07,Air,Adult,120,0.68,SCMS from RDC,N/A - From RDC,See DN-416 (ID#:12125)
12619,DN-1518,Truvada,CÃte dIvoire,16-Nov-09,16-Nov-09,300/200mg,Tablet - FDC,Yes,Invoiced Separately,From RDC,"Emtricitabine/Tenofovir Disoproxil Fumarate 200/300mg [Truvada], tablets, 30 Tabs",32.6,576,15120.0,PMO - US,"Aspen-OSD, Port Elizabeth, SA",Emtricitabine/Tenofovir Disoproxil Fumarate,26.25,N/A - From RDC,SO-34060,Pre-PQ Process,Date Not Captured,ARV,104-CI-T01,16-Nov-09,Air,Adult,30,0.88,SCMS from RDC,N/A - From RDC,Weight Captured Separately
6105,ASN-3322,Uni-Gold,Ethiopia,18-Feb-09,18-Feb-09,MIssing,Test kit,Yes,8101.57,Direct Drop,"HIV 1/2, Uni-Gold HIV Kit, 20 Tests",156.8,2500,80000.0,PMO - US,"Trinity Biotech, Plc","HIV 1/2, Uni-Gold HIV Kit",32.0,10/22/08,SCMS-32400,Pre-PQ Process,Pre-PQ Process,HRDT,117-ET-T01,18-Feb-09,Air,HIV test,20,1.6,"Trinity Biotech, Plc",EXW,844
87,ASN-409,Videx,Tanzania,06-Jun-07,06-Jun-07,2g,Powder for oral solution,Yes,912.96,Direct Drop,"Didanosine 2g [Videx], powder for oral solution 10mg/ml, reconstitute to 200 ml",MIssing,712,8964.08,PMO - US,"BMS Meymac, France",Didanosine,12.59,04-12-07,SCMS-555,Pre-PQ Process,Pre-PQ Process,ARV,109-TZ-T01,06-Jun-07,Air,Pediatric,200,0.06,BRISTOL-MYERS SQUIBB,CIP,162
11804,DN-419,Aluvia,Zambia,13-Nov-07,13-Nov-07,200/50mg,Tablet,Yes,9008.48,From RDC,"Lopinavir/Ritonavir 200/50mg [Aluvia], tablets, 120 Tabs",804.9,12240,503064.0,PMO - US,ABBVIE (Abbott) Logis. UK,Lopinavir/Ritonavir,41.1,N/A - From RDC,SO-1030,Pre-PQ Process,Pre-PQ Process,ARV,110-ZM-T01,13-Nov-07,Air,Adult,120,0.34,SCMS from RDC,N/A - From RDC,2678
12515,DN-817,Generic,Mozambique,07-Aug-08,07-Aug-08,150/200/30mg,Tablet - FDC,No,See DN-817 (ID#:10981),From RDC,"Lamivudine/Nevirapine/Stavudine 150/200/30mg, tablets, 60 Tabs",1593.5,138325,995940.0,PMO - US,"Strides, Bangalore, India.",Lamivudine/Nevirapine/Stavudine,7.2,N/A - From RDC,SO-1882,Pre-PQ Process,Pre-PQ Process,ARV,111-MZ-T01,07-Aug-08,Air,Adult,60,0.12,SCMS from RDC,N/A - From RDC,See DN-817 (ID#:10981)
7708,ASN-3664,Capillus,Haiti,24-Mar-09,24-Mar-09,MIssing,Test kit,Yes,1953.6,Direct Drop,"HIV 1/2, Capillus HIV Kit, 100 Tests",29.97,110,15290.0,PMO - US,"Trinity Biotech, Plc","HIV 1/2, Capillus HIV Kit",139.0,03-09-09,SCMS-40310,Pre-PQ Process,Pre-PQ Process,HRDT,106-HT-T01,24-Mar-09,Air,HIV test,100,1.39,"Trinity Biotech, Plc",EXW,78
10927,DN-628,Trizivir,Mozambique,05-Apr-08,05-Apr-08,300/150/300mg,Tablet - FDC,No,See DN-628 (ID#:10654),From RDC,"Abacavir/Lamivudine/Zidovudine 300/150/300mg [Trizivir], tablets, 60 Tabs",23.86,213,14910.0,PMO - US,GSK Ware (UK),Abacavir/Lamivudine/Zidovudine,70.0,N/A - From RDC,SO-1039,Pre-PQ Process,Pre-PQ Process,ARV,111-MZ-T01,08-Apr-08,Air,Adult,60,1.17,SCMS from RDC,N/A - From RDC,See DN-628 (ID#:10654)
2571,ASN-4511,Generic,Namibia,18-Aug-09,18-Aug-09,30/6mg,Chewable/dispersible tablet - FDC,Yes,1484.75,Direct Drop,"Lamivudine/Stavudine 30/6mg, dispersible tablets, 60 Tabs",7.45,2000,3800.0,PMO - US,"Cipla, Goa, India",Lamivudine/Stavudine,1.9,05-08-09,SCMS-45620,Pre-PQ Process,Pre-PQ Process,ARV,119-NA-T01,18-Aug-09,Air,Pediatric,60,0.03,CIPLA LIMITED,EXW,251
11485,DN-447,Truvada,Zambia,26-Nov-07,26-Nov-07,300/200mg,Tablet - FDC,Yes,6785.1,From RDC,"Emtricitabine/Tenofovir Disoproxil Fumarate 200/300mg [Truvada], tablets, 30 Tabs",755.75,17994,472342.5,PMO - US,"Aspen-OSD, Port Elizabeth, SA",Emtricitabine/Tenofovir Disoproxil Fumarate,26.25,N/A - From RDC,SO-1186,Pre-PQ Process,Pre-PQ Process,ARV,110-ZM-T01,26-Nov-07,MIssing,Adult,30,0.88,SCMS from RDC,N/A - From RDC,1620
12135,DN-466,Generic,Zambia,12-Dec-07,12-Dec-07,200mg,Tablet,Yes,15671.53,From RDC,"Nevirapine 200mg, tablets, 60 Tabs",328.79,60440,205496.0,PMO - US,"Aurobindo Unit III, India",Nevirapine,3.4,N/A - From RDC,SO-1314,Pre-PQ Process,Pre-PQ Process,ARV,110-ZM-T01,12-Dec-07,MIssing,Adult,60,0.06,SCMS from RDC,N/A - From RDC,5725
11293,DN-1073,Generic,Tanzania,06-Mar-09,06-Mar-09,20mg/ml,Oral solution,Yes,6708.25,From RDC,"Abacavir 20mg/ml, oral solution, Bottle, 240 ml",140.51,4439,71689.85,PMO - US,"Aurobindo Unit III, India",Abacavir,16.15,N/A - From RDC,SO-18710,Pre-PQ Process,Pre-PQ Process,ARV,109-TZ-T01,06-Mar-09,Truck,Pediatric,240,0.07,SCMS from RDC,N/A - From RDC,1592
10940,DN-559,Generic,Tanzania,25-Feb-08,25-Feb-08,100mg,Chewable/dispersible tablet,Yes,10654.94,From RDC,"Didanosine 100mg, chewable/dispersible tablets, 60 Tabs",28.19,2273,17615.75,PMO - US,"Aurobindo Unit III, India",Didanosine,7.75,N/A - From RDC,SO-1648,Pre-PQ Process,Pre-PQ Process,ARV,109-TZ-T01,25-Feb-08,Air,Pediatric,60,0.13,SCMS from RDC,N/A - From RDC,2749
11141,DN-274,Generic,CÃte dIvoire,14-Aug-07,14-Aug-07,150/200/30mg,Tablet - FDC,Yes,8258,From RDC,"Lamivudine/Nevirapine/Stavudine 150/200/30mg, tablets, 60 Tabs",389.23,32436,243270.0,PMO - US,"Cipla, Goa, India",Lamivudine/Nevirapine/Stavudine,7.5,N/A - From RDC,SO-817,Pre-PQ Process,Pre-PQ Process,ARV,104-CI-T01,14-Aug-07,MIssing,Adult,60,0.12,SCMS from RDC,N/A - From RDC,3203
5260,ASN-61,Generic,CÃte dIvoire,06-Sep-06,06-Sep-06,150mg,Tablet,Yes,20257.08,Direct Drop,"Lamivudine 150mg, tablets, 60 Tabs",MIssing,16683,65897.85,PMO - US,"Aurobindo Unit III, India",Lamivudine,3.95,Date Not Captured,SCMS-103,Pre-PQ Process,Pre-PQ Process,ARV,104-CI-T01,06-Sep-06,Air,Adult,60,0.07,Aurobindo Pharma Limited,EXW,1498
9040,ASN-3732,Retrovir,South Africa,21-Jan-09,21-Jan-09,10mg/ml,Oral solution,No,Freight Included in Commodity Cost,Direct Drop,"Zidovudine 10mg/ml [Retrovir], oral solution, Bottle, 200 ml",1.63,140,833.0,PMO - US,GSK Mississauga (Canada),Zidovudine,5.95,Date Not Captured,SCMS-41190,Pre-PQ Process,Pre-PQ Process,ARV,116-ZA-T01,30-Mar-09,Air,Pediatric,200,0.03,S. BUYS WHOLESALER,DDP,Weight Captured Separately
12614,DN-1459,Generic,Tanzania,26-Oct-09,26-Oct-09,300mg,Tablet,Yes,2217.5,From RDC,"Abacavir 300mg, tablets, 60 Tabs",793.12,15900,404655.0,PMO - US,Mylan (formerly Matrix) Nashik,Abacavir,25.45,N/A - From RDC,SO-31282,Pre-PQ Process,Date Not Captured,ARV,109-TZ-T01,26-Oct-09,Truck,Adult,60,0.42,SCMS from RDC,N/A - From RDC,1630
11315,DN-1210,Generic,Nigeria,14-May-09,14-May-09,150/300/200mg,Tablet - FDC,Yes,18638.84,From RDC,"Lamivudine/Nevirapine/Zidovudine 150/200/300mg, tablets, 60 Tabs",373.1,16698,190357.2,PMO - US,"Aurobindo Unit III, India",Lamivudine/Nevirapine/Zidovudine,11.4,N/A - From RDC,SO-22528,Pre-PQ Process,Pre-PQ Process,ARV,151-NG-T01,14-May-09,Air,Adult,60,0.19,SCMS from RDC,N/A - From RDC,1901
1303,ASN-168,Determine,Ethiopia,28-Dec-06,28-Dec-06,MIssing,Test kit,Yes,Invoiced Separately,Direct Drop,"HIV 1/2, Determine Complete HIV Kit, 100 Tests",MIssing,200,16000.0,PMO - US,ABBVIE GmbH & Co.KG Wiesbaden,"HIV 1/2, Determine Complete HIV Kit",80.0,12/14/06,SCMS-284,Pre-PQ Process,Pre-PQ Process,HRDT,117-ET-T01,28-Dec-06,Air,HIV test,100,0.8,Abbott GmbH & Co. KG,FCA,Weight Captured Separately
12233,DN-854,Generic,Zambia,20-Aug-08,20-Aug-08,100mg,Chewable/dispersible tablet,Yes,813.75,From RDC,"Didanosine 100mg, chewable/dispersible tablets, 60 Tabs",44.64,3600,27900.0,PMO - US,"Aurobindo Unit III, India",Didanosine,7.75,N/A - From RDC,SO-2477,Pre-PQ Process,Pre-PQ Process,ARV,110-ZM-T01,20-Aug-08,Truck,Pediatric,60,0.13,SCMS from RDC,N/A - From RDC,750
11693,DN-1487,Generic,Lebanon,18-Nov-09,18-Nov-09,100mg,Chewable/dispersible tablet,No,See DN-1487 (ID#:11073),From RDC,"Didanosine 100mg, chewable/dispersible tablets, 60 Tabs",0,120,1.2,PMO - US,"Aurobindo Unit III, India",Didanosine,0.01,N/A - From RDC,SO-33900,Pre-PQ Process,Date Not Captured,ARV,100-LB-T01,18-Nov-09,Air,Pediatric,60,0.0,SCMS from RDC,N/A - From RDC,See DN-1487 (ID#:11073)
11713,DN-52,Generic,CÃte dIvoire,04-May-07,04-May-07,600mg,Tablet,Yes,3026,From RDC,"Efavirenz 600mg, tablets, 30 Tabs",MIssing,10000,162500.0,PMO - US,"Aurobindo Unit III, India",Efavirenz,16.25,N/A - From RDC,SO-391,Pre-PQ Process,Pre-PQ Process,ARV,100-CI-T01,04-May-07,MIssing,Adult,30,0.54,SCMS from RDC,N/A - From RDC,910
9023,ASN-3578,Generic,South Africa,19-Dec-08,19-Dec-08,600mg,Tablet,Yes,Freight Included in Commodity Cost,Direct Drop,"Efavirenz 600mg, tablets, 30 Tabs",119.04,3710,60732.7,PMO - US,"Aurobindo Unit III, India",Efavirenz,16.37,Date Not Captured,SCMS-40830,Pre-PQ Process,Pre-PQ Process,ARV,116-ZA-T01,28-Apr-09,Air,Adult,30,0.55,S. BUYS WHOLESALER,DDP,Weight Captured Separately
9093,ASN-3984,Aluvia,Nigeria,20-May-09,20-May-09,200/50mg,Tablet,No,See ASN-3984 (ID#:2499),Direct Drop,"Lopinavir/Ritonavir 200/50mg [Aluvia], tablets, 120 Tabs",12.81,159,6534.9,PMO - US,ABBVIE Ludwigshafen Germany,Lopinavir/Ritonavir,41.1,04-01-09,SCMS-42830,Pre-PQ Process,Pre-PQ Process,ARV,112-NG-T01,20-May-09,Air,Adult,120,0.34,ABBVIE LOGISTICS (FORMERLY ABBOTT LOGISTICS BV),FCA,See ASN-3984 (ID#:2499)
10706,DN-690,Aluvia,Haiti,14-Apr-08,14-Apr-08,200/50mg,Tablet,Yes,47525.69,From RDC,"Lopinavir/Ritonavir 200/50mg [Aluvia], tablets, 120 Tabs",25.58,389,15987.9,PMO - US,ABBVIE Ludwigshafen Germany,Lopinavir/Ritonavir,41.1,N/A - From RDC,SO-2055,Pre-PQ Process,Pre-PQ Process,ARV,106-HT-T01,14-Apr-08,Air,Adult,120,0.34,SCMS from RDC,N/A - From RDC,4639
11677,DN-1394,Generic,Zambia,21-Aug-09,21-Aug-09,150/200/30mg,Tablet - FDC,Yes,2014.86,From RDC,"Lamivudine/Nevirapine/Stavudine 150/200/30mg, tablets, 60 Tabs",33.39,2393,17038.16,PMO - US,"Cipla, Goa, India",Lamivudine/Nevirapine/Stavudine,7.12,N/A - From RDC,SO-32500,Pre-PQ Process,Date Not Captured,ARV,110-ZM-T01,21-Aug-09,Truck,Adult,60,0.12,SCMS from RDC,N/A - From RDC,256
2741,ASN-587,Stat-Pak,Nigeria,03-Aug-07,03-Aug-07,MIssing,Test kit,Yes,43664.71,Direct Drop,"HIV 1/2, Stat-Pak HIV, Kit, 20 Tests",496.8,11500,310500.0,PMO - US,Chembio Diagnostics Sys. Inc.,"HIV 1/2, Stat-Pak HIV, Kit",27.0,06-08-07,SCMS-687,Pre-PQ Process,Pre-PQ Process,HRDT,102-NG-T01,10-Jul-07,Air,HIV test,20,1.35,"CHEMBIO DIAGNOSTIC SYSTEMS, INC.",EXW,3276
12243,DN-1065,Generic,Nigeria,03-Feb-09,03-Feb-09,600mg,Tablet,Yes,Freight Included in Commodity Cost,From RDC,"Efavirenz 600mg, tablets, 30 Tabs",264.79,11527,135096.44,PMO - US,"Aurobindo Unit III, India",Efavirenz,11.72,N/A - From RDC,SO-22590,Pre-PQ Process,Pre-PQ Process,ARV,123-NG-T01,03-Feb-09,Air,Adult,30,0.39,SCMS from RDC,N/A - From RDC,983
12630,DN-88,Stocrin/Sustiva,Mozambique,04-May-07,04-May-07,50mg,Capsule,Yes,679.6,From RDC,"Efavirenz 50mg [Stocrin/Sustiva], capsule, 30 Caps",MIssing,3756,12845.52,PMO - US,"MSD Manati, Puerto Rico, (USA)",Efavirenz,3.42,N/A - From RDC,SO-380,Pre-PQ Process,Pre-PQ Process,ARV,111-MZ-T01,04-May-07,Air,Pediatric,30,0.11,SCMS from RDC,N/A - From RDC,Weight Captured Separately
9750,ASN-2335,Generic,Vietnam,20-Sep-08,20-Sep-08,600mg,Tablet,No,See ASN-2335 (ID#:5796),Direct Drop,"Efavirenz 600mg, tablets, 30 Tabs",82.58,5040,51609.6,PMO - US,Mylan (formerly Matrix) Nashik,Efavirenz,10.24,5/13/08,SCMS-23440,Pre-PQ Process,Pre-PQ Process,ARV,108-VN-T01,20-Sep-08,Air,Adult,30,0.34,MYLAN LABORATORIES LTD (FORMERLY MATRIX LABORATORIES),EXW,See ASN-2335 (ID#:5796)
11319,DN-1232,Truvada,Uganda,01-Jun-09,01-Jun-09,300/200mg,Tablet - FDC,No,See DN-1232 (ID#:10766),From RDC,"Emtricitabine/Tenofovir Disoproxil Fumarate 200/300mg [Truvada], tablets, 30 Tabs",4.63,90,2362.5,PMO - US,"Aspen-OSD, Port Elizabeth, SA",Emtricitabine/Tenofovir Disoproxil Fumarate,26.25,N/A - From RDC,SO-30100,Pre-PQ Process,Pre-PQ Process,ARV,114-UG-T01,01-Jun-09,Air,Adult,30,0.88,SCMS from RDC,N/A - From RDC,See DN-1232 (ID#:10766)
5916,ASN-2488,Truvada,South Africa,08-Jul-08,08-Jul-08,300/200mg,Tablet - FDC,No,Freight Included in Commodity Cost,Direct Drop,"Emtricitabine/Tenofovir Disoproxil Fumarate 200/300mg [Truvada], tablets, 30 Tabs",1.87,30,1171.5,PMO - US,"Aspen-OSD, Port Elizabeth, SA",Emtricitabine/Tenofovir Disoproxil Fumarate,39.05,Date Not Captured,SCMS-26820,Pre-PQ Process,Pre-PQ Process,ARV,116-ZA-T01,10-Jul-08,Truck,Adult,30,1.3,S. BUYS WHOLESALER,DDP,Weight Captured Separately
11963,DN-1173,Generic,Haiti,14-Apr-09,14-Apr-09,20mg/ml,Oral solution,Yes,1763.84,From RDC,"Abacavir 20mg/ml, oral solution, Bottle, 240 ml",8.06,274,4110.0,PMO - US,"Aurobindo Unit III, India",Abacavir,15.0,N/A - From RDC,SO-24831,Pre-PQ Process,Pre-PQ Process,ARV,106-HT-T01,14-Apr-09,Air,Pediatric,240,0.06,SCMS from RDC,N/A - From RDC,98
12688,DN-320,Generic,CÃte dIvoire,30-Aug-07,30-Aug-07,300mg,Tablet,No,See DN-320 (ID#:10593),From RDC,"Abacavir 300mg, tablets, 60 Tabs",264.29,6000,165180.0,PMO - US,"Cipla, Patalganga, India",Abacavir,27.53,N/A - From RDC,SO-959,Pre-PQ Process,Pre-PQ Process,ARV,104-CI-T01,30-Aug-07,MIssing,Adult,60,0.46,SCMS from RDC,N/A - From RDC,See DN-320 (ID#:10593)
11754,DN-293,Generic,Tanzania,26-Sep-07,26-Sep-07,300mg,Tablet,Yes,3901.78,From RDC,"Abacavir 300mg, tablets, 60 Tabs",438.82,7661,274263.8,PMO - US,"Aurobindo Unit III, India",Abacavir,35.8,N/A - From RDC,SO-771,Pre-PQ Process,Pre-PQ Process,ARV,109-TZ-T01,26-Sep-07,MIssing,Adult,60,0.6,SCMS from RDC,N/A - From RDC,750
11879,DN-834,Generic,Nigeria,16-Jul-08,16-Jul-08,300mg,Tablet,No,See DN-834 (ID#:10686),From RDC,"Zidovudine 300mg, tablets, 60 Tabs",73.56,5641,45974.15,PMO - US,"Aurobindo Unit III, India",Zidovudine,8.15,N/A - From RDC,SO-2552,Pre-PQ Process,Pre-PQ Process,ARV,123-NG-T01,16-Jul-08,Air,Adult,60,0.14,SCMS from RDC,N/A - From RDC,See DN-834 (ID#:10686)
6431,ASN-4457,Kaletra,CÃte dIvoire,24-Aug-09,24-Aug-09,80/20mg/ml,Oral solution,Yes,1939.99,Direct Drop,"Lopinavir/Ritonavir 80/20mg/ml [Kaletra], oral solution, cool, Bottle 5 x 60 ml",4.03,50,2055.0,PMO - US,ABBVIE (Abbott) Logis. UK,Lopinavir/Ritonavir,41.1,3/30/09,SCMS-42240,Pre-PQ Process,Pre-PQ Process,ARV,104-CI-T01,24-Aug-09,Air,Pediatric,300,0.14,ABBVIE LOGISTICS (FORMERLY ABBOTT LOGISTICS BV),FCA,99
3753,ASN-3737,Invirase,South Africa,23-Jan-09,23-Jan-09,200mg,Capsule,Yes,Freight Included in Commodity Cost,Direct Drop,"Saquinavir 200mg [Invirase], capsules, 270 Caps",0.23,2,114.9,PMO - US,Roche Basel,Saquinavir,57.45,Date Not Captured,SCMS-41210,Pre-PQ Process,Pre-PQ Process,ARV,116-ZA-T01,30-Mar-09,Air,Adult,270,0.21,S. BUYS WHOLESALER,DDP,Weight Captured Separately
8645,ASN-2503,Generic,South Africa,14-Aug-08,14-Aug-08,600mg,Tablet,No,Freight Included in Commodity Cost,Direct Drop,"Efavirenz 600mg, tablets, 30 Tabs",38.88,1500,24300.0,PMO - US,"Cipla, Goa, India",Efavirenz,16.2,Date Not Captured,SCMS-28830,Pre-PQ Process,Pre-PQ Process,ARV,116-ZA-T01,25-Aug-08,Truck,Adult,30,0.54,S. BUYS WHOLESALER,DDP,Weight Captured Separately
12334,DN-32,Generic,Zimbabwe,23-Mar-07,23-Mar-07,600mg,Tablet,Yes,1886.21,From RDC,"Efavirenz 600mg, tablets, 30 Tabs",MIssing,7000,113750.0,PMO - US,"Aurobindo Unit III, India",Efavirenz,16.25,N/A - From RDC,SO-224,Pre-PQ Process,Pre-PQ Process,ARV,113-ZW-T01,23-Mar-07,MIssing,Adult,30,0.54,SCMS from RDC,N/A - From RDC,581
2447,ASN-4362,Stocrin/Sustiva,South Africa,17-Apr-09,17-Apr-09,200mg,Capsule,Yes,Freight Included in Commodity Cost,Direct Drop,"Efavirenz 200mg [Stocrin/Sustiva], capsule, 90 Caps",315.36,5000,160900.0,PMO - US,"MSD Midrand, Jburg, SA",Efavirenz,32.18,3/18/09,SCMS-41450,Pre-PQ Process,Pre-PQ Process,ARV,116-ZA-T01,17-Apr-09,Truck,Pediatric,90,0.36,S. BUYS WHOLESALER,DDP,Weight Captured Separately
11533,DN-737,Generic,Nigeria,14-May-08,14-May-08,150/300/200mg,Tablet - FDC,Yes,10098.25,From RDC,"Lamivudine/Nevirapine/Zidovudine 150/200/300mg, tablets, 60 Tabs",3.48,164,2177.92,PMO - US,"Aurobindo Unit III, India",Lamivudine/Nevirapine/Zidovudine,13.28,N/A - From RDC,SO-2575,Pre-PQ Process,Pre-PQ Process,ARV,131-NG-T01,14-May-08,Air,Adult,60,0.22,SCMS from RDC,N/A - From RDC,2095
9095,ASN-4647,Determine,Kenya,28-Aug-09,28-Aug-09,MIssing,Test kit,Yes,17974.69,Direct Drop,"HIV 1/2, Determine Complete HIV Kit, 100 Tests",1176,7500,600000.0,PMO - US,Inverness Japan,"HIV 1/2, Determine Complete HIV Kit",80.0,5/14/09,SCMS-42981,Pre-PQ Process,Pre-PQ Process,HRDT,102-KE-T01,10-Jul-09,Air,HIV test,100,0.8,"Orgenics, Ltd",EXW,2215
12905,DN-1390,Generic,CÃte dIvoire,21-Aug-09,21-Aug-09,150/300/200mg,Tablet - FDC,Yes,6739.08,From RDC,"Lamivudine/Nevirapine/Zidovudine 150/200/300mg, tablets, 60 Tabs",404.43,18180,206343.0,PMO - US,"Aurobindo Unit III, India",Lamivudine/Nevirapine/Zidovudine,11.35,N/A - From RDC,SO-32220,Pre-PQ Process,Date Not Captured,ARV,104-CI-T01,21-Aug-09,Air,Adult,60,0.19,SCMS from RDC,N/A - From RDC,2047
13739,ASN-19819,Generic,Haiti,02-Sep-13,02-Sep-13,10mg/ml,Oral solution,Yes,7117.39,Direct Drop,"Zidovudine 10mg/ml, oral solution w/syringe, Bottle, 240 ml",4.76,1832,3847.2,PMO - US,"Aurobindo Unit III, India",Zidovudine,2.1,3/22/13,SCMS-180940,FPQ-11443,02-07-13,ARV,106-HT-T30,02-Sep-13,Ocean,Pediatric,240,0.01,Aurobindo Pharma Limited,EXW,3504
11187,DN-387,Generic,Zambia,29-Oct-07,29-Oct-07,150/300mg,Tablet - FDC,Yes,17549.81,From RDC,"Lamivudine/Zidovudine 150/300mg, tablets, 60 Tabs",696.52,40761,435327.48,PMO - US,"Aurobindo Unit III, India",Lamivudine/Zidovudine,10.68,N/A - From RDC,SO-317,Pre-PQ Process,Pre-PQ Process,ARV,110-ZM-T01,29-Oct-07,MIssing,Adult,60,0.18,SCMS from RDC,N/A - From RDC,4221
11687,DN-1457,Generic,Mozambique,07-Oct-09,07-Oct-09,150/300mg,Tablet - FDC,Yes,1588.06,From RDC,"Lamivudine/Zidovudine 150/300mg, tablets, 60 Tabs",159.47,9288,81362.88,PMO - US,"Aurobindo Unit III, India",Lamivudine/Zidovudine,8.76,N/A - From RDC,SO-26424,Pre-PQ Process,Date Not Captured,ARV,111-MZ-T01,07-Oct-09,Truck,Adult,60,0.15,SCMS from RDC,N/A - From RDC,979
5703,ASN-1691,Generic,Vietnam,22-May-08,22-May-08,300mg,Tablet,Yes,2864.44,Direct Drop,"Tenofovir Disoproxil Fumarate 300mg, tablets, 30 Tabs",44.06,2016,27538.56,PMO - US,Mylan (formerly Matrix) Nashik,Tenofovir Disoproxil Fumarate,13.66,04-10-08,SCMS-20341,Pre-PQ Process,Pre-PQ Process,ARV,108-VN-T01,01-Jun-08,Air,Adult,30,0.46,MYLAN LABORATORIES LTD (FORMERLY MATRIX LABORATORIES),EXW,122
2429,ASN-3607,Generic,South Africa,28-Nov-08,28-Nov-08,200mg,Capsule,Yes,Freight Included in Commodity Cost,Direct Drop,"Efavirenz 200mg, capsule, 90 Caps",6.59,176,3359.84,PMO - US,"Aurobindo Unit III, India",Efavirenz,19.09,Date Not Captured,SCMS-40780,Pre-PQ Process,Pre-PQ Process,ARV,116-ZA-T01,17-Mar-09,Air,Pediatric,90,0.21,S. BUYS WHOLESALER,DDP,Weight Captured Separately
11248,DN-777,Generic,Zambia,19-Jun-08,19-Jun-08,600mg,Tablet,Yes,5936.99,From RDC,"Efavirenz 600mg, tablets, 30 Tabs",960.8,50000,600500.0,PMO - US,Mylan (formerly Matrix) Nashik,Efavirenz,12.01,N/A - From RDC,SO-1893,Pre-PQ Process,Pre-PQ Process,ARV,110-ZM-T01,19-Jun-08,Truck,Adult,30,0.4,SCMS from RDC,N/A - From RDC,3422
12897,DN-1324,Generic,Zambia,04-Sep-09,04-Sep-09,600mg,Tablet,Yes,2448.71,From RDC,"Efavirenz 600mg, tablets, 30 Tabs",479.93,22260,244860.0,PMO - US,"Aurobindo Unit III, India",Efavirenz,11.0,N/A - From RDC,SO-17640,Pre-PQ Process,Date Not Captured,ARV,110-ZM-T01,04-Sep-09,Air,Adult,30,0.37,SCMS from RDC,N/A - From RDC,1921
7929,ASN-37,Determine,Zambia,19-Sep-06,19-Sep-06,MIssing,Test kit,Yes,2373.73,Direct Drop,"HIV 1/2, Determine Complete HIV Kit, 100 Tests",MIssing,1000,80000.0,PMO - US,ABBVIE GmbH & Co.KG Wiesbaden,"HIV 1/2, Determine Complete HIV Kit",80.0,Date Not Captured,SCMS-39,Pre-PQ Process,Pre-PQ Process,HRDT,110-ZM-T01,19-Sep-06,Air,HIV test,100,0.8,Abbott GmbH & Co. KG,FCA,343
11494,DN-475,Generic,Nigeria,03-Dec-07,03-Dec-07,200mg,Tablet,No,See DN-475 (ID#:10642),From RDC,"Nevirapine 200mg, tablets, 60 Tabs",3.59,628,2241.96,PMO - US,"Aurobindo Unit III, India",Nevirapine,3.57,N/A - From RDC,SO-567,Pre-PQ Process,Pre-PQ Process,ARV,112-NG-T01,03-Dec-07,Air,Adult,60,0.06,SCMS from RDC,N/A - From RDC,See DN-475 (ID#:10642)
1888,ASN-2079,Generic,Rwanda,22-Jul-08,22-Jul-08,150/300/200mg,Tablet - FDC,Yes,30408.04,Direct Drop,"Lamivudine/Nevirapine/Zidovudine 150/200/300mg, tablets, 60 Tabs",910.85,47879,569281.31,PMO - US,"Aurobindo Unit III, India",Lamivudine/Nevirapine/Zidovudine,11.89,6/13/08,SCMS-25520,Pre-PQ Process,Pre-PQ Process,ARV,107-RW-T01,23-Jul-08,Air,Adult,60,0.2,Aurobindo Pharma Limited,CIP,5311
11874,DN-674,Genie,CÃte dIvoire,27-Mar-08,27-Mar-08,MIssing,Test kit,Yes,1606.93,From RDC,"#108853** HIV, Genie II HIV-1/HIV-2 Kit, 40 Tests",50.46,415,31540.0,PMO - US,Bio-Rad Laboratories,"HIV, Genie II HIV-1/HIV-2 Kit",76.0,N/A - From RDC,SO-794,Pre-PQ Process,Pre-PQ Process,HRDT,104-CI-T01,27-Mar-08,MIssing,HIV test,40,1.9,SCMS from RDC,N/A - From RDC,453
11032,DN-1169,Generic,Rwanda,27-Apr-09,27-Apr-09,200mg,Tablet,Yes,3366.98,From RDC,"Nevirapine 200mg, tablets, 60 Tabs",43.22,7350,22050.0,PMO - US,Hetero Unit III Hyderabad IN,Nevirapine,3.0,N/A - From RDC,SO-27300,Pre-PQ Process,Pre-PQ Process,ARV,107-RW-T01,27-Apr-09,Air,Adult,60,0.05,SCMS from RDC,N/A - From RDC,404
11252,DN-667,Uni-Gold,Kenya,26-Mar-08,26-Mar-08,MIssing,Test kit,No,See DN-667 (ID#:10967),From RDC,"HIV 1/2, Uni-Gold HIV Kit, 20 Tests",61.44,1200,38400.0,PMO - US,"Trinity Biotech, Plc","HIV 1/2, Uni-Gold HIV Kit",32.0,N/A - From RDC,SO-1390,Pre-PQ Process,Pre-PQ Process,HRDT,102-KE-T01,26-Mar-08,Truck,HIV test,20,1.6,SCMS from RDC,N/A - From RDC,See DN-667 (ID#:10967)
11829,DN-502,Generic,Haiti,10-Dec-07,10-Dec-07,600mg,Tablet,Yes,24448,From RDC,"Efavirenz 600mg, tablets, 30 Tabs",695.52,35000,434700.0,PMO - US,"Strides, Bangalore, India.",Efavirenz,12.42,N/A - From RDC,SO-1484,Pre-PQ Process,Pre-PQ Process,ARV,106-HT-T01,10-Dec-07,Air,Adult,30,0.41,SCMS from RDC,N/A - From RDC,2153
839,ASN-3553,Kaletra,South Africa,09-Oct-08,09-Oct-08,80/20mg/ml,Oral solution,No,Freight Included in Commodity Cost,Direct Drop,"Lopinavir/Ritonavir 80/20mg/ml [Kaletra], oral solution, cool, Bottle 5 x 60 ml",2.7,40,1375.6,PMO - US,ABBVIE (Abbott) Logis. UK,Lopinavir/Ritonavir,34.39,Date Not Captured,SCMS-33320,Pre-PQ Process,Pre-PQ Process,ARV,116-ZA-T01,17-May-09,Truck,Pediatric,300,0.11,S. BUYS WHOLESALER,DDP,Weight Captured Separately
4709,ASN-3505,Generic,Rwanda,10-Mar-09,10-Mar-09,150/300mg,Tablet - FDC,Yes,16414.22,Direct Drop,"Lamivudine/Zidovudine 150/300mg, tablets, 60 Tabs",331.04,18560,168896.0,PMO - US,"Cipla, Goa, India",Lamivudine/Zidovudine,9.1,10/21/08,SCMS-30310,Pre-PQ Process,Pre-PQ Process,ARV,107-RW-T01,10-Mar-09,Air,Adult,60,0.15,CIPLA LIMITED,CIP,1698
2157,ASN-3553,Retrovir,South Africa,09-Oct-08,09-Oct-08,10mg/ml,Oral solution,No,Freight Included in Commodity Cost,Direct Drop,"Zidovudine 10mg/ml [Retrovir], oral solution, Bottle, 200 ml",1.44,120,733.2,PMO - US,GSK Mississauga (Canada),Zidovudine,6.11,Date Not Captured,SCMS-33320,Pre-PQ Process,Pre-PQ Process,ARV,116-ZA-T01,17-May-09,Truck,Pediatric,200,0.03,S. BUYS WHOLESALER,DDP,Weight Captured Separately
1691,ASN-1860,Generic,Vietnam,20-Jun-08,20-Jun-08,150mg,Tablet,Yes,4159.45,Direct Drop,"Lamivudine 150mg, tablets, 60 Tabs",46.77,10080,29232.0,PMO - US,"Aurobindo Unit III, India",Lamivudine,2.9,3/31/08,SCMS-20180,Pre-PQ Process,Pre-PQ Process,ARV,108-VN-T01,07-Jul-08,Air,Adult,60,0.05,Aurobindo Pharma Limited,EXW,507
8603,ASN-2855,Aluvia,Vietnam,03-Dec-08,03-Dec-08,200/50mg,Tablet,Yes,2985.93,Direct Drop,"Lopinavir/Ritonavir 200/50mg [Aluvia], tablets, 120 Tabs",174,1080,88776.0,PMO - US,ABBVIE Ludwigshafen Germany,Lopinavir/Ritonavir,82.2,7/24/08,SCMS-27300,Pre-PQ Process,Pre-PQ Process,ARV,108-VN-T01,03-Dec-08,Air,Adult,120,0.68,ABBVIE LOGISTICS (FORMERLY ABBOTT LOGISTICS BV),FCA,259
5895,ASN-2337,Generic,Vietnam,19-Sep-08,19-Sep-08,300mg,Tablet,Yes,4883.46,Direct Drop,"Tenofovir Disoproxil Fumarate 300mg, tablets, 30 Tabs",99.67,5040,62294.4,PMO - US,Mylan (formerly Matrix) Nashik,Tenofovir Disoproxil Fumarate,12.36,07-01-08,SCMS-26370,Pre-PQ Process,Pre-PQ Process,ARV,108-VN-T01,19-Sep-08,Air,Adult,30,0.41,MYLAN LABORATORIES LTD (FORMERLY MATRIX LABORATORIES),EXW,301
6401,ASN-3752,Zerit,South Africa,21-Nov-08,21-Nov-08,1mg/ml,Powder for oral solution,No,Freight Included in Commodity Cost,Direct Drop,"Stavudine 1mg/ml [Zerit], powder for oral solution, Bottle, 200 ml",0.86,400,440.0,PMO - US,"BMS Meymac, France",Stavudine,1.1,Date Not Captured,SCMS-41140,Pre-PQ Process,Pre-PQ Process,ARV,116-ZA-T01,31-Mar-09,Air,Pediatric,200,0.01,S. BUYS WHOLESALER,DDP,Weight Captured Separately
6705,ASN-719,Videx,Rwanda,14-Sep-07,14-Sep-07,50mg,Chewable/dispersible tablet,Yes,86.4,Direct Drop,"Didanosine 50mg [Videx], chewable tablets, 60 Tabs",2.77,182,1729.0,PMO - US,"BMS Meymac, France",Didanosine,9.5,7/17/07,SCMS-800,Pre-PQ Process,Pre-PQ Process,ARV,107-RW-T01,14-Sep-07,Air,Pediatric,60,0.16,BRISTOL-MYERS SQUIBB,CIP,40
10954,DN-743,Generic,Haiti,27-May-08,27-May-08,150mg,Tablet,No,See DN-743 (ID#:10683),From RDC,"Lamivudine 150mg, tablets, 60 Tabs",34.36,7380,21475.8,PMO - US,"Aurobindo Unit III, India",Lamivudine,2.91,N/A - From RDC,SO-2056,Pre-PQ Process,Pre-PQ Process,ARV,106-HT-T01,27-May-08,Air,Adult,60,0.05,SCMS from RDC,N/A - From RDC,See DN-743 (ID#:10683)
6962,ASN-1650,Determine,Mozambique,27-May-08,27-May-08,MIssing,Test kit,Yes,7781.88,Direct Drop,"HIV 1/2, Determine HIV Kit, without Lancets, 100 Tests",483.77,4200,302358.0,PMO - US,Inverness Japan,"HIV 1/2, Determine HIV Kit, without Lancets",71.99,2/25/08,SCMS-18060,Pre-PQ Process,Pre-PQ Process,HRDT,111-MZ-T01,13-Jun-08,Air,HIV test,100,0.72,"Orgenics, Ltd",EXW,965
11799,DN-384,Generic,Zambia,29-Oct-07,29-Oct-07,150/300mg,Tablet - FDC,No,See DN-384 (ID#:10901),From RDC,"Lamivudine/Zidovudine 150/300mg, tablets, 60 Tabs",595.8,60060,372372.0,PMO - US,"Aurobindo Unit III, India",Lamivudine/Zidovudine,6.2,N/A - From RDC,SO-976,Pre-PQ Process,Pre-PQ Process,ARV,110-ZM-T01,29-Oct-07,MIssing,Adult,60,0.1,SCMS from RDC,N/A - From RDC,See DN-384 (ID#:10901)
12003,DN-1398,Generic,CÃte dIvoire,08-Sep-09,08-Sep-09,200mg,Capsule,No,See DN-1398 (ID#:11679),From RDC,"Efavirenz 200mg, capsule, 90 Caps",62.88,2520,32079.6,PMO - US,"Aurobindo Unit III, India",Efavirenz,12.73,N/A - From RDC,SO-32240,Pre-PQ Process,Date Not Captured,ARV,104-CI-T01,08-Sep-09,Air,Pediatric,90,0.14,SCMS from RDC,N/A - From RDC,See DN-1398 (ID#:11679)
11541,DN-480,Generic,Uganda,19-Mar-08,19-Mar-08,150/30mg,Tablet - FDC,No,See DN-480 (ID#:10693),From RDC,"Lamivudine/Stavudine 150/30mg, tablets, 30 Tabs",0.96,300,600.0,PMO - US,"Cipla, Goa, India",Lamivudine/Stavudine,2.0,N/A - From RDC,SO-1301,Pre-PQ Process,Pre-PQ Process,ARV,114-UG-T01,19-Mar-08,Air,Adult,30,0.07,SCMS from RDC,N/A - From RDC,See DN-480 (ID#:10693)
11244,DN-836,Generic,Nigeria,31-Jul-08,31-Jul-08,150/300mg,Tablet - FDC,Yes,15307.62,From RDC,"Lamivudine/Zidovudine 150/300mg, tablets, 60 Tabs",215.87,14277,134917.65,PMO - US,"Aurobindo Unit III, India",Lamivudine/Zidovudine,9.45,N/A - From RDC,SO-2553,Pre-PQ Process,Pre-PQ Process,ARV,123-NG-T01,31-Jul-08,Air,Adult,60,0.16,SCMS from RDC,N/A - From RDC,2033
11834,DN-511,Generic,Rwanda,31-Jan-08,31-Jan-08,600mg,Tablet,Yes,36417.89,From RDC,"Efavirenz 600mg, tablets, 30 Tabs",740.39,37258,462744.36,PMO - US,"Aurobindo Unit III, India",Efavirenz,12.42,N/A - From RDC,SO-1516,Pre-PQ Process,Pre-PQ Process,ARV,107-RW-T01,31-Jan-08,Air,Adult,30,0.41,SCMS from RDC,N/A - From RDC,3195
10793,DN-1401,Generic,CÃte dIvoire,08-Sep-09,08-Sep-09,15mg,Capsule,Yes,9797.41,From RDC,"Stavudine 15mg, capsules, 60 Caps",3.58,1216,1824.0,PMO - US,"Aurobindo Unit III, India",Stavudine,1.5,N/A - From RDC,SO-32210,Pre-PQ Process,Date Not Captured,ARV,104-CI-T01,08-Sep-09,Air,Adult,60,0.02,SCMS from RDC,N/A - From RDC,3426
2947,ASN-1231,Generic,Vietnam,22-Jan-08,22-Jan-08,15mg,Capsule,Yes,2426.05,Direct Drop,"Stavudine 15mg, capsules, 60 Caps",0.96,400,600.0,PMO - US,"Aurobindo Unit III, India",Stavudine,1.5,12-05-07,SCMS-14930,Pre-PQ Process,Pre-PQ Process,ARV,108-VN-T01,22-Jan-08,Air,Adult,60,0.02,Aurobindo Pharma Limited,EXW,83
5701,ASN-2017,Generic,Vietnam,14-Jul-08,14-Jul-08,300mg,Tablet,Yes,5217.59,Direct Drop,"Abacavir 300mg, tablets, 60 Tabs",20,500,12500.0,PMO - US,"Aurobindo Unit III, India",Abacavir,25.0,3/31/08,SCMS-20200,Pre-PQ Process,Pre-PQ Process,ARV,108-VN-T01,14-Jul-08,Air,Adult,60,0.42,Aurobindo Pharma Limited,EXW,124
2451,ASN-4385,Videx,South Africa,20-Apr-09,20-Apr-09,50mg,Chewable/dispersible tablet,No,Freight Included in Commodity Cost,Direct Drop,"Didanosine 50mg [Videx], chewable tablets, 60 Tabs",29.69,1500,15150.0,PMO - US,"BMS Meymac, France",Didanosine,10.1,3/27/09,SCMS-41584,Pre-PQ Process,Pre-PQ Process,ARV,116-ZA-T01,25-Jun-09,Air,Pediatric,60,0.17,S. BUYS WHOLESALER,DDP,Weight Captured Separately
11615,DN-1059,Generic,Nigeria,19-Jan-09,19-Jan-09,200mg,Tablet,No,See DN-1059 (ID#:11016),From RDC,"Nevirapine 200mg, tablets, 60 Tabs",154.91,1923,79035.3,PMO - US,"Aurobindo Unit III, India",Nevirapine,41.1,N/A - From RDC,SO-20950,Pre-PQ Process,Pre-PQ Process,ARV,112-NG-T01,19-Jan-09,Air,Adult,60,0.68,SCMS from RDC,N/A - From RDC,See DN-1059 (ID#:11016)
10587,DN-322,Uni-Gold,Namibia,07-Sep-07,07-Sep-07,MIssing,Test kit,Yes,688.84,From RDC,"HIV 1/2, Uni-Gold HIV Kit, 20 Tests",15.36,300,9600.0,PMO - US,"Trinity Biotech, Plc","HIV 1/2, Uni-Gold HIV Kit",32.0,N/A - From RDC,SO-884,Pre-PQ Process,Pre-PQ Process,HRDT,119-NA-T01,07-Sep-07,MIssing,HIV test,20,1.6,SCMS from RDC,N/A - From RDC,172
11733,DN-180,Generic,Nigeria,26-Jun-07,26-Jun-07,150/200/40mg,Tablet - FDC,Yes,1489.52,From RDC,"Lamivudine/Nevirapine/Stavudine 150/200/40mg, tablets, 60 Tabs",MIssing,1370,10549.0,PMO - US,"Cipla, Goa, India",Lamivudine/Nevirapine/Stavudine,7.7,N/A - From RDC,SO-555,Pre-PQ Process,Pre-PQ Process,ARV,112-NG-T01,26-Jun-07,MIssing,Adult,60,0.13,SCMS from RDC,N/A - From RDC,142
11161,DN-366,Generic,Zambia,27-Sep-07,27-Sep-07,200mg,Tablet,Yes,63886.29,From RDC,"Nevirapine 200mg, tablets, 60 Tabs",462.4,85000,289000.0,PMO - US,"Aurobindo Unit III, India",Nevirapine,3.4,N/A - From RDC,SO-940,Pre-PQ Process,Pre-PQ Process,ARV,110-ZM-T01,27-Sep-07,MIssing,Adult,60,0.06,SCMS from RDC,N/A - From RDC,14311
12252,DN-987,Generic,Uganda,06-Jan-09,06-Jan-09,150/300/200mg,Tablet - FDC,Yes,8252.73,From RDC,"Lamivudine/Nevirapine/Zidovudine 150/200/300mg, tablets, 60 Tabs",118.67,5131,60545.8,PMO - US,"Aurobindo Unit III, India",Lamivudine/Nevirapine/Zidovudine,11.8,N/A - From RDC,SO-17900,Pre-PQ Process,Pre-PQ Process,ARV,114-UG-T01,06-Jan-09,Air,Adult,60,0.2,SCMS from RDC,N/A - From RDC,691
12231,DN-1034,Generic,Mozambique,21-Feb-09,21-Feb-09,200mg,Tablet,No,See DN-1034 (ID#:10732),From RDC,"Nevirapine 200mg, tablets, 60 Tabs",0.04,6,19.2,PMO - US,Hetero Unit III Hyderabad IN,Nevirapine,3.2,N/A - From RDC,SO-15080,Pre-PQ Process,Pre-PQ Process,ARV,111-MZ-T01,21-Feb-09,Air,Adult,60,0.05,SCMS from RDC,N/A - From RDC,See DN-1034 (ID#:10732)
3551,ASN-3481,Uni-Gold,Guyana,13-Mar-09,13-Mar-09,MIssing,Test kit,Yes,4457.29,Direct Drop,"HIV 1/2, Uni-Gold HIV Kit, 20 Tests",66.61,1062,33984.0,PMO - US,"Trinity Biotech, Plc","HIV 1/2, Uni-Gold HIV Kit",32.0,12-10-08,SCMS-35560,Pre-PQ Process,Pre-PQ Process,HRDT,102-GY-T01,17-Mar-09,Air,HIV test,20,1.6,"Trinity Biotech, Plc",EXW,355
10345,ASN-3582,Generic,South Africa,30-Jan-09,30-Jan-09,300mg,Tablet,No,Freight Included in Commodity Cost,Direct Drop,"Zidovudine 300mg, tablets, 60 Tabs",133.47,5550,68098.5,PMO - US,"Aurobindo Unit III, India",Zidovudine,12.27,Date Not Captured,SCMS-40870,Pre-PQ Process,Pre-PQ Process,ARV,116-ZA-T01,30-Jun-09,Air,Adult,60,0.2,S. BUYS WHOLESALER,DDP,Weight Captured Separately
12735,DN-425,Generic,Zimbabwe,16-Nov-07,16-Nov-07,150/200/30mg,Tablet - FDC,No,See DN-425 (ID#:11810),From RDC,"Lamivudine/Nevirapine/Stavudine 150/200/30mg, tablets, 60 Tabs",0.26,22,162.8,PMO - US,"Cipla, Goa, India",Lamivudine/Nevirapine/Stavudine,7.4,N/A - From RDC,SO-1150,Pre-PQ Process,Pre-PQ Process,ARV,100-ZW-T01,16-Nov-07,Air,Adult,60,0.12,SCMS from RDC,N/A - From RDC,See DN-425 (ID#:11810)
12536,DN-970,Generic,Uganda,02-Feb-09,02-Feb-09,150/30mg,Tablet - FDC,Yes,1240,From RDC,"Lamivudine/Stavudine 150/30mg, tablets, 30 Tabs",4.57,1166,2332.0,PMO - US,"Cipla, Goa, India",Lamivudine/Stavudine,2.0,N/A - From RDC,SO-17450,Pre-PQ Process,Pre-PQ Process,ARV,114-UG-T01,02-Feb-09,Ocean,Adult,30,0.07,SCMS from RDC,N/A - From RDC,71
10962,DN-686,Determine,Haiti,03-Apr-08,03-Apr-08,MIssing,Test kit,No,See DN-686 (ID#:10691),From RDC,"HIV 1/2, Determine HIV Kit, without Lancets, 100 Tests",2.88,25,1800.0,PMO - US,Inverness Japan,"HIV 1/2, Determine HIV Kit, without Lancets",72.0,N/A - From RDC,SO-1291,Pre-PQ Process,Pre-PQ Process,HRDT,125-HT-T01,03-Apr-08,Air,HIV test,100,0.72,SCMS from RDC,N/A - From RDC,See DN-686 (ID#:10691)
9366,ASN-1016,Generic,Vietnam,06-Dec-07,06-Dec-07,100mg,Chewable/dispersible tablet,Yes,3850.43,Direct Drop,"Didanosine 100mg, chewable/dispersible tablets, 60 Tabs",16.12,1300,10075.0,PMO - US,"Aurobindo Unit III, India",Didanosine,7.75,07-04-07,SCMS-10980,Pre-PQ Process,Pre-PQ Process,ARV,108-VN-T01,06-Dec-07,Air,Pediatric,60,0.13,Aurobindo Pharma Limited,EXW,270
12778,DN-717,Truvada,Nigeria,18-Apr-08,18-Apr-08,300/200mg,Tablet - FDC,No,See DN-717 (ID#:11858),From RDC,"Emtricitabine/Tenofovir Disoproxil Fumarate 200/300mg [Truvada], tablets, 30 Tabs",0.67,16,420.0,PMO - US,"Aspen-OSD, Port Elizabeth, SA",Emtricitabine/Tenofovir Disoproxil Fumarate,26.25,N/A - From RDC,SO-2351,Pre-PQ Process,Pre-PQ Process,ARV,112-NG-T01,18-Apr-08,Air,Adult,30,0.88,SCMS from RDC,N/A - From RDC,See DN-717 (ID#:11858)
10947,DN-758,Generic,Tanzania,09-Jul-08,09-Jul-08,150mg,Tablet,Yes,3594.6,From RDC,"Lamivudine 150mg, tablets, 60 Tabs",52.06,11181,32536.71,PMO - US,"Aurobindo Unit III, India",Lamivudine,2.91,N/A - From RDC,SO-2662,Pre-PQ Process,Pre-PQ Process,ARV,109-TZ-T01,09-Jul-08,Air,Adult,60,0.05,SCMS from RDC,N/A - From RDC,566
12169,DN-653,Generic,Tanzania,01-Apr-08,01-Apr-08,600mg,Tablet,Yes,10288.1,From RDC,"Efavirenz 600mg, tablets, 30 Tabs",655.72,32997,409822.74,PMO - US,"Aurobindo Unit III, India",Efavirenz,12.42,N/A - From RDC,SO-1941,Pre-PQ Process,Pre-PQ Process,ARV,109-TZ-T01,01-Apr-08,MIssing,Adult,30,0.41,SCMS from RDC,N/A - From RDC,2867
11628,DN-933,Generic,Mozambique,14-Nov-08,14-Nov-08,150/200/30mg,Tablet - FDC,No,See DN-933 (ID#:10755),From RDC,"Lamivudine/Nevirapine/Stavudine 150/200/30mg, tablets, 60 Tabs",311.96,27080,194976.0,PMO - US,"Strides, Bangalore, India.",Lamivudine/Nevirapine/Stavudine,7.2,N/A - From RDC,SO-15090,Pre-PQ Process,Pre-PQ Process,ARV,111-MZ-T01,14-Nov-08,Air,Adult,60,0.12,SCMS from RDC,N/A - From RDC,See DN-933 (ID#:10755)
12460,DN-569,Generic,CÃte dIvoire,29-Jan-08,29-Jan-08,10mg/ml,Oral solution,No,See DN-569 (ID#:11224),From RDC,"Lamivudine 10mg/ml, oral solution, Bottle, 240 ml",47.28,15000,29550.0,PMO - US,"Aurobindo Unit III, India",Lamivudine,1.97,N/A - From RDC,SO-1104,Pre-PQ Process,Pre-PQ Process,ARV,104-CI-T01,29-Jan-08,Air,Pediatric,240,0.01,SCMS from RDC,N/A - From RDC,See DN-569 (ID#:11224)
13897,ASN-13149,Determine,Kenya,17-Jan-12,17-Jan-12,MIssing,Test kit,Yes,16090.59,Direct Drop,"HIV 1/2, Determine Complete HIV Kit, 100 Tests",1218.56,8298,738522.0,PMO - US,"Alere Medical Co., Ltd.","HIV 1/2, Determine Complete HIV Kit",89.0,10/26/11,SCMS-124900,FPQ-8446,10-05-11,HRDT,102-KE-T30,17-Jan-12,Air,HIV test,100,0.89,"Orgenics, Ltd",EXW,1427
4198,ASN-1341,Aluvia,Vietnam,07-Mar-08,07-Mar-08,200/50mg,Tablet,Yes,5866.31,Direct Drop,"Lopinavir/Ritonavir 200/50mg [Aluvia], tablets, 120 Tabs",263.04,2000,164400.0,PMO - US,ABBVIE Ludwigshafen Germany,Lopinavir/Ritonavir,82.2,12-06-07,SCMS-14211,Pre-PQ Process,Pre-PQ Process,ARV,108-VN-T01,22-Jan-08,Air,Adult,120,0.68,ABBVIE LOGISTICS (FORMERLY ABBOTT LOGISTICS BV),FCA,513
12031,DN-72,Generic,Nigeria,17-Apr-07,17-Apr-07,10mg/ml,Oral solution,No,See DN-72 (ID#:11097),From RDC,"Zidovudine 10mg/ml, oral solution, Bottle, 240 ml",MIssing,1200,2580.0,PMO - US,"Aurobindo Unit III, India",Zidovudine,2.15,N/A - From RDC,SO-340,Pre-PQ Process,Pre-PQ Process,ARV,112-NG-T01,17-Apr-07,MIssing,Pediatric,240,0.01,SCMS from RDC,N/A - From RDC,See DN-72 (ID#:11097)
12684,DN-290,Kaletra,Tanzania,10-Sep-07,10-Sep-07,80/20mg/ml,Oral solution,No,See DN-290 (ID#:10859),From RDC,"Lopinavir/Ritonavir 80/20mg/ml [Kaletra], oral solution, cool, Bottle 5 x 60 ml",9.67,147,6041.7,PMO - US,ABBVIE (Abbott) Logis. UK,Lopinavir/Ritonavir,41.1,N/A - From RDC,SO-455,Pre-PQ Process,Pre-PQ Process,ARV,109-TZ-T01,10-Sep-07,MIssing,Pediatric,300,0.14,SCMS from RDC,N/A - From RDC,See DN-290 (ID#:10859)
10781,DN-1315,Generic,CÃte dIvoire,14-Jul-09,14-Jul-09,150/300mg,Tablet - FDC,Yes,6111.21,From RDC,"Lamivudine/Zidovudine 150/300mg, tablets, 60 Tabs",188.21,10962,96027.12,PMO - US,"Aurobindo Unit III, India",Lamivudine/Zidovudine,8.76,N/A - From RDC,SO-27540,Pre-PQ Process,Date Not Captured,ARV,104-CI-T01,14-Jul-09,Air,Adult,60,0.15,SCMS from RDC,N/A - From RDC,2634
8344,ASN-2356,DoubleCheck,Kyrgyzstan,19-Sep-08,19-Sep-08,MIssing,Test kit,Yes,Freight Included in Commodity Cost,Direct Drop,"HIV 1/2, DoubleCheck II Kit, 40 Tests",63.2,500,39500.0,PMO - US,Not Applicable,"HIV 1/2, DoubleCheck II Kit",79.0,3/18/08,SCMS-19120,Pre-PQ Process,Pre-PQ Process,HRDT,129-KG-T01,19-Sep-08,Air,HIV test,40,1.98,"Orgenics, Ltd",DDP,Weight Captured Separately
10678,DN-828,Generic,Zambia,29-Jul-08,29-Jul-08,150/300mg,Tablet - FDC,Yes,2882.85,From RDC,"Lamivudine/Zidovudine 150/300mg, tablets, 60 Tabs",213.55,14124,133471.8,PMO - US,"Cipla, Goa, India",Lamivudine/Zidovudine,9.45,N/A - From RDC,SO-2485,Pre-PQ Process,Pre-PQ Process,ARV,110-ZM-T01,29-Jul-08,Truck,Adult,60,0.16,SCMS from RDC,N/A - From RDC,2115
6417,ASN-4387,Generic,South Africa,15-Apr-09,15-Apr-09,10mg/ml,Oral suspension,No,Freight Included in Commodity Cost,Direct Drop,"Nevirapine 10mg/ml, oral suspension, Bottle, 240 ml",2.76,150,1407.0,PMO - US,"Aurobindo Unit III, India",Nevirapine,9.38,3/27/09,SCMS-41586,Pre-PQ Process,Pre-PQ Process,ARV,116-ZA-T01,25-Jun-09,Air,Pediatric,240,0.04,S. BUYS WHOLESALER,DDP,Weight Captured Separately
719,ASN-2921,Generic,CÃte dIvoire,23-Jan-09,23-Jan-09,50+153mg,Tablet - FDC + co-blister,Yes,12830.91,Direct Drop,"Artesunate+Amodiaquine 50+153mg, tablets, co-blister 6+6 Tabs",19.11,25000,9750.0,PMO - US,Ipca Dadra/Nagar Haveli IN,Artesunate+Amodiaquine,0.39,09-03-08,SCMS-29340,Pre-PQ Process,Pre-PQ Process,ACT,104-CI-T01,23-Jan-09,Air,ACT,12,0.03,IDA FOUNDATION,EXW,1708
12587,DN-1256,Generic,Uganda,24-Jun-09,24-Jun-09,150/300/200mg,Tablet - FDC,Yes,1848.59,From RDC,"Lamivudine/Nevirapine/Zidovudine 150/200/300mg, tablets, 60 Tabs",25.69,1155,13109.25,PMO - US,Mylan (formerly Matrix) Nashik,Lamivudine/Nevirapine/Zidovudine,11.35,N/A - From RDC,SO-30110,Pre-PQ Process,Pre-PQ Process,ARV,114-UG-T01,24-Jun-09,Air,Adult,60,0.19,SCMS from RDC,N/A - From RDC,147
9752,ASN-2300,Truvada,South Africa,14-May-08,14-May-08,300/200mg,Tablet - FDC,No,Freight Included in Commodity Cost,Direct Drop,"Emtricitabine/Tenofovir Disoproxil Fumarate 200/300mg [Truvada], tablets, 30 Tabs",1.22,20,765.0,PMO - US,Gilead(Nycomed) Oranienburg DE,Emtricitabine/Tenofovir Disoproxil Fumarate,38.25,Date Not Captured,SCMS-23500,Pre-PQ Process,Pre-PQ Process,ARV,116-ZA-T01,20-Aug-08,Truck,Adult,30,1.27,S. BUYS WHOLESALER,DDP,Weight Captured Separately
11531,DN-824,Generic,Zambia,23-Jul-08,23-Jul-08,600mg,Tablet,Yes,1934.31,From RDC,"Efavirenz 600mg, tablets, 30 Tabs",864.72,45000,540450.0,PMO - US,Mylan (formerly Matrix) Nashik,Efavirenz,12.01,N/A - From RDC,SO-1895,Pre-PQ Process,Pre-PQ Process,ARV,110-ZM-T01,23-Jul-08,Truck,Adult,30,0.4,SCMS from RDC,N/A - From RDC,3457
11949,DN-1124,Generic,Nigeria,19-Mar-09,19-Mar-09,10mg/ml,Oral solution,No,See DN-1124 (ID#:11620),From RDC,"Lamivudine 10mg/ml, oral solution, Bottle, 240 ml",3.1,833,1582.7,PMO - US,"Aurobindo Unit III, India",Lamivudine,1.9,N/A - From RDC,SO-20960,Pre-PQ Process,Pre-PQ Process,ARV,112-NG-T01,19-Mar-09,Air Charter,Pediatric,240,0.01,SCMS from RDC,N/A - From RDC,See DN-1124 (ID#:11620)
12309,DN-1385,Generic,Rwanda,31-Jul-09,31-Jul-09,150mg,Tablet,Yes,4257.01,From RDC,"Lamivudine 150mg, tablets, 60 Tabs",41.92,8766,21389.04,PMO - US,"Aurobindo Unit III, India",Lamivudine,2.44,N/A - From RDC,SO-32800,Pre-PQ Process,Date Not Captured,ARV,107-RW-T01,31-Jul-09,Air,Adult,60,0.04,SCMS from RDC,N/A - From RDC,447
11558,DN-766,Generic,Tanzania,10-Jul-08,10-Jul-08,150mg,Tablet,Yes,4152.56,From RDC,"Lamivudine 150mg, tablets, 60 Tabs",52.85,11352,33034.32,PMO - US,"Aurobindo Unit III, India",Lamivudine,2.91,N/A - From RDC,SO-2721,Pre-PQ Process,Pre-PQ Process,ARV,109-TZ-T01,10-Jul-08,Air,Adult,60,0.05,SCMS from RDC,N/A - From RDC,572
1383,ASN-649,Bioline,Tanzania,19-Sep-07,19-Sep-07,MIssing,Test kit,Yes,25165.3,Direct Drop,"HIV 1/2, Bioline 3.0 Kit, Lancets, Capillary pipets, Alcohol swabs included, 25 Tests",320,10000,200000.0,PMO - US,"Standard Diagnostics, Korea","HIV 1/2, Bioline 3.0 Kit, Lancets, Capillary pipets, Alcohol swabs included",20.0,Date Not Captured,SCMS-10240,Pre-PQ Process,Pre-PQ Process,HRDT,109-TZ-T01,19-Sep-07,Air,HIV test,25,0.8,"Standard Diagnostics, Inc.",EXW,3336
4458,ASN-2276,Generic,Vietnam,19-Sep-08,19-Sep-08,150/300mg,Tablet - FDC,Yes,5551.97,Direct Drop,"Lamivudine/Zidovudine 150/300mg, tablets, 60 Tabs",29.84,2016,18648.0,PMO - US,"Aurobindo Unit III, India",Lamivudine/Zidovudine,9.25,5/13/08,SCMS-23330,Pre-PQ Process,Pre-PQ Process,ARV,108-VN-T01,19-Sep-08,Air,Adult,60,0.15,Aurobindo Pharma Limited,EXW,185
12018,DN-1490,Generic,Uganda,29-Oct-09,29-Oct-09,300mg,Tablet,Yes,747.17,From RDC,"Zidovudine 300mg, tablets, 60 Tabs",9.56,589,4435.17,PMO - US,"Aurobindo Unit III, India",Zidovudine,7.53,N/A - From RDC,SO-33150,Pre-PQ Process,Date Not Captured,ARV,114-UG-T01,29-Oct-09,Air,Adult,60,0.13,SCMS from RDC,N/A - From RDC,33
11627,DN-1050,Truvada,Nigeria,19-Jan-09,19-Jan-09,300/200mg,Tablet - FDC,Yes,7363.73,From RDC,"Emtricitabine/Tenofovir Disoproxil Fumarate 200/300mg [Truvada], tablets, 30 Tabs",1682.21,32696,858270.0,PMO - US,"Aspen-OSD, Port Elizabeth, SA",Emtricitabine/Tenofovir Disoproxil Fumarate,26.25,N/A - From RDC,SO-19380,Pre-PQ Process,Pre-PQ Process,ARV,123-NG-T01,19-Jan-09,Air,Adult,30,0.88,SCMS from RDC,N/A - From RDC,2873
12303,DN-1357,Generic,CÃte dIvoire,11-Aug-09,11-Aug-09,600mg,Tablet,Yes,1854.88,From RDC,"Efavirenz 600mg, tablets, 30 Tabs",62.49,3280,31881.6,PMO - US,"Emcure Plot No.P-2, I.T-B.T. Park, Phase II, MIDC, Hinjwadi, Pune, India",Efavirenz,9.72,N/A - From RDC,SO-27533,Pre-PQ Process,Date Not Captured,ARV,104-CI-T01,11-Aug-09,Air Charter,Adult,30,0.32,SCMS from RDC,N/A - From RDC,229
8317,ASN-1747,Generic,Mozambique,09-Jul-08,09-Jul-08,MIssing,Test kit - Ancillary,Yes,Invoiced Separately,Direct Drop,"HIV, Lancet, Safety, for HIV Test kits, 100 Pcs",0.05,3000,30.0,PMO - US,Inverness Japan,"HIV, Lancet, Safety, for HIV Test kits, 100 Pcs",0.01,2/27/08,SCMS-18340,Pre-PQ Process,Pre-PQ Process,HRDT,111-MZ-T01,09-Jul-08,Air,HIV test - Ancillary,100,0.0,"Orgenics, Ltd",EXW,Weight Captured Separately
11042,DN-1224,Generic,Uganda,22-May-09,22-May-09,150mg,Tablet,Yes,537.32,From RDC,"Lamivudine 150mg, tablets, 60 Tabs",0.43,90,219.6,PMO - US,"Aurobindo Unit III, India",Lamivudine,2.44,N/A - From RDC,SO-26151,Pre-PQ Process,Pre-PQ Process,ARV,114-UG-T01,22-May-09,Air,Adult,60,0.04,SCMS from RDC,N/A - From RDC,5
3955,ASN-127,Generic,Uganda,21-Dec-06,21-Dec-06,150/300mg,Tablet - FDC,Yes,5595.44,Direct Drop,"Lamivudine/Zidovudine 150/300mg, tablets, 60 Tabs",MIssing,5080,55880.0,PMO - US,"Aurobindo Unit III, India",Lamivudine/Zidovudine,11.0,Date Not Captured,SCMS-157,Pre-PQ Process,Pre-PQ Process,ARV,114-UG-T01,21-Dec-06,Air,Adult,60,0.18,Aurobindo Pharma Limited,EXW,1172
12349,DN-78,Generic,CÃte dIvoire,30-Apr-07,30-Apr-07,600mg,Tablet,Yes,2658,From RDC,"Efavirenz 600mg, tablets, 30 Tabs",MIssing,8148,132405.0,PMO - US,"Aurobindo Unit III, India",Efavirenz,16.25,N/A - From RDC,SO-434,Pre-PQ Process,Pre-PQ Process,ARV,100-CI-T01,30-Apr-07,MIssing,Adult,30,0.54,SCMS from RDC,N/A - From RDC,742
10503,ASN-5365,Determine,Zambia,11-Nov-09,11-Nov-09,MIssing,Test kit,Yes,7513.71,Direct Drop,"HIV 1/2, Determine Complete HIV Kit, 100 Tests",388.08,2500,180000.0,PMO - US,Inverness Japan,"HIV 1/2, Determine Complete HIV Kit",72.0,10-05-09,SCMS-54620,Pre-PQ Process,Pre-PQ Process,HRDT,110-ZM-T01,11-Nov-09,Air,HIV test,100,0.72,"Orgenics, Ltd",EXW,740
464,ASN-2008,Determine,Nigeria,09-Jul-08,09-Jul-08,MIssing,Test kit,Yes,16090.22,Direct Drop,"HIV 1/2, Determine HIV Kit, without Lancets, 100 Tests",703.66,5498,439785.02,PMO - US,Inverness Japan,"HIV 1/2, Determine HIV Kit, without Lancets",79.99,Date Not Captured,SCMS-21540,Pre-PQ Process,Pre-PQ Process,HRDT,102-NG-T01,09-Jul-08,Air,HIV test,100,0.8,"Orgenics, Ltd",EXW,1251
2662,ASN-57,Generic,Nigeria,28-Sep-06,28-Sep-06,150mg,Tablet,No,See ASN-57 (ID#:23),Direct Drop,"Lamivudine 150mg, tablets, 60 Tabs",MIssing,486,2041.2,PMO - US,"Aurobindo Unit III, India",Lamivudine,4.2,Date Not Captured,SCMS-87,Pre-PQ Process,Pre-PQ Process,ARV,112-NG-T01,28-Sep-06,Air,Adult,60,0.07,Aurobindo Pharma Limited,EXW,See ASN-57 (ID#:23)
8713,ASN-2737,OraQuick,Botswana,20-Nov-08,20-Nov-08,MIssing,Test kit - Ancillary,Yes,526.05,Direct Drop,"#109435**HIV, OraQuick Controls Kit, 3 Vials",0.3,10,152.5,PMO - US,"Orasure Technologies, Inc USA","HIV, OraQuick Controls Kit, 3 Vials",15.25,10-02-08,SCMS-31360,Pre-PQ Process,Pre-PQ Process,HRDT,102-BW-T01,20-Nov-08,Air,HIV test - Ancillary,3,5.08,Orasure Technologies Inc.,EXW,7
11739,DN-269,Generic,Zimbabwe,17-Aug-07,17-Aug-07,150/30mg,Tablet - FDC,No,See DN-269 (ID#:11738),From RDC,"Lamivudine/Stavudine 150/30mg, tablets, 30 Tabs",5.12,1600,3200.0,PMO - US,"Cipla, Goa, India",Lamivudine/Stavudine,2.0,N/A - From RDC,SO-720,Pre-PQ Process,Pre-PQ Process,ARV,100-ZW-T01,17-Aug-07,Truck,Adult,30,0.07,SCMS from RDC,N/A - From RDC,See DN-269 (ID#:11738)
3899,ASN-4940,Viread,South Africa,31-Aug-09,31-Aug-09,300mg,Tablet,Yes,Freight Included in Commodity Cost,Direct Drop,"Tenofovir Disoproxil Fumarate 300mg [Viread], tablets, 30 Tabs",14.58,300,7440.0,PMO - US,"Aspen-OSD, Port Elizabeth, SA",Tenofovir Disoproxil Fumarate,24.8,06-05-09,SCMS-47070,Pre-PQ Process,Pre-PQ Process,ARV,116-ZA-T01,08-Sep-09,Truck,Adult,30,0.83,S. BUYS WHOLESALER,DDP,Weight Captured Separately
11591,DN-948,Stocrin/Sustiva,CÃte dIvoire,03-Dec-08,03-Dec-08,30mg/ml,Oral solution,No,See DN-948 (ID#:10994),From RDC,"Efavirenz 30mg/ml [Stocrin/Sustiva], oral solution, Bottle, 180 ml",59.6,1793,30409.28,PMO - US,"MSD, Haarlem, NL",Efavirenz,16.96,N/A - From RDC,SO-11830,Pre-PQ Process,Pre-PQ Process,ARV,104-CI-T01,03-Dec-08,Air,Pediatric,180,0.09,SCMS from RDC,N/A - From RDC,See DN-948 (ID#:10994)
10984,DN-1024,Generic,Mozambique,09-Feb-09,09-Feb-09,150/300mg,Tablet - FDC,Yes,3613.31,From RDC,"Lamivudine/Zidovudine 150/300mg, tablets, 60 Tabs",275.77,15048,140698.8,PMO - US,"Aurobindo Unit III, India",Lamivudine/Zidovudine,9.35,N/A - From RDC,SO-15084,Pre-PQ Process,Pre-PQ Process,ARV,111-MZ-T01,09-Feb-09,Air,Adult,60,0.16,SCMS from RDC,N/A - From RDC,1448
3358,ASN-2503,Zerit,South Africa,14-Aug-08,14-Aug-08,40mg,Capsule,No,Freight Included in Commodity Cost,Direct Drop,"Stavudine 40mg [Zerit], capsules, 60 Caps",1.03,130,644.8,PMO - US,"BMS Meymac, France",Stavudine,4.96,Date Not Captured,SCMS-28830,Pre-PQ Process,Pre-PQ Process,ARV,116-ZA-T01,25-Aug-08,Truck,Adult,60,0.08,S. BUYS WHOLESALER,DDP,Weight Captured Separately
1957,ASN-2873,Generic,Vietnam,03-Dec-08,03-Dec-08,150/200/30mg,Tablet - FDC,Yes,2335.19,Direct Drop,"Lamivudine/Nevirapine/Stavudine 150/200/30mg, tablets, 60 Tabs",51.84,3648,26448.0,PMO - US,"Cipla, Goa, India",Lamivudine/Nevirapine/Stavudine,7.25,7/24/08,SCMS-27380,Pre-PQ Process,Pre-PQ Process,ARV,108-VN-T01,03-Dec-08,Air,Adult,60,0.12,CIPLA LIMITED,EXW,323
12204,DN-703,Generic,Ethiopia,21-Apr-08,21-Apr-08,200mg,Tablet,No,See DN-703 (ID#:11263),From RDC,"Nevirapine 200mg, tablets, 60 Tabs",7.83,1440,4896.0,PMO - US,Hetero Unit III Hyderabad IN,Nevirapine,3.4,N/A - From RDC,SO-1974,Pre-PQ Process,Pre-PQ Process,ARV,117-ET-T01,21-Apr-08,Air,Adult,60,0.06,SCMS from RDC,N/A - From RDC,See DN-703 (ID#:11263)
11938,DN-1109,Generic,Haiti,10-Mar-09,10-Mar-09,300mg,Tablet,Yes,1432.88,From RDC,"Abacavir 300mg, tablets, 60 Tabs",22.45,450,11452.5,PMO - US,Mylan (formerly Matrix) Nashik,Abacavir,25.45,N/A - From RDC,SO-23790,Pre-PQ Process,Pre-PQ Process,ARV,106-HT-T01,10-Mar-09,Air,Adult,60,0.42,SCMS from RDC,N/A - From RDC,47
10721,DN-919,Atripla,Nigeria,28-Sep-08,28-Sep-08,600/200/300mg,Tablet - FDC,Yes,13353.34,From RDC,"Efavirenz/Emtricitabine/Tenofovir Disoproxil Fumarate 600/200/300mg [Atripla], tablets, 30 Tabs",80.64,1000,50400.0,PMO - US,"MSD, Haarlem, NL",Efavirenz/Emtricitabine/Tenofovir Disoproxil Fumarate,50.4,N/A - From RDC,SO-10821,Pre-PQ Process,Pre-PQ Process,ARV,131-NG-T01,28-Sep-08,Air,Adult,30,1.68,SCMS from RDC,N/A - From RDC,108
8017,ASN-364,Determine,Haiti,03-May-07,03-May-07,MIssing,Test kit,Yes,2802.42,Direct Drop,"HIV 1/2, Determine Complete HIV Kit, 100 Tests",MIssing,1000,80000.0,PMO - US,ABBVIE GmbH & Co.KG Wiesbaden,"HIV 1/2, Determine Complete HIV Kit",80.0,04-04-07,SCMS-539,Pre-PQ Process,Pre-PQ Process,HRDT,100-HT-T01,03-May-07,Air,HIV test,100,0.8,Abbott GmbH & Co. KG,EXW,343
12186,DN-682,Generic,Haiti,21-Mar-08,21-Mar-08,30mg,Capsule,No,See DN-682 (ID#:10963),From RDC,"Stavudine 30mg, capsules, 60 Caps",10.47,4305,6543.6,PMO - US,"Aurobindo Unit III, India",Stavudine,1.52,N/A - From RDC,SO-2042,Pre-PQ Process,Pre-PQ Process,ARV,106-HT-T01,21-Mar-08,Air,Adult,60,0.03,SCMS from RDC,N/A - From RDC,See DN-682 (ID#:10963)
4025,ASN-652,Zerit,CÃte dIvoire,27-Aug-07,27-Aug-07,20mg,Capsule,Yes,Freight Included in Commodity Cost,Direct Drop,"Stavudine 20mg [Zerit], capsules, 60 Caps",10.48,1161,6548.04,PMO - US,"BMS Meymac, France",Stavudine,5.64,07-11-07,SCMS-785,Pre-PQ Process,Pre-PQ Process,ARV,104-CI-T01,27-Aug-07,Air,Adult,60,0.09,BRISTOL-MYERS SQUIBB,CIP,Weight Captured Separately
11228,DN-565,Aluvia,CÃte dIvoire,29-Jan-08,29-Jan-08,200/50mg,Tablet,Yes,9307,From RDC,"Lopinavir/Ritonavir 200/50mg [Aluvia], tablets, 120 Tabs",796.16,12107,497597.7,PMO - US,ABBVIE Ludwigshafen Germany,Lopinavir/Ritonavir,41.1,N/A - From RDC,SO-1111,Pre-PQ Process,Pre-PQ Process,ARV,104-CI-T01,29-Jan-08,Air,Adult,120,0.34,SCMS from RDC,N/A - From RDC,2647
12499,DN-675,Generic,Kenya,05-Mar-08,05-Mar-08,MIssing,Test kit - Ancillary,No,See DN-675 (ID#:11247),From RDC,"HIV, Lancet, Safety, for HIV Test kits, 100 Pcs",0.02,1550,15.5,PMO - US,Inverness Japan,"HIV, Lancet, Safety, for HIV Test kits, 100 Pcs",0.01,N/A - From RDC,SO-1975,Pre-PQ Process,Pre-PQ Process,HRDT,102-KE-T01,05-Mar-08,Truck,HIV test - Ancillary,100,0.0,SCMS from RDC,N/A - From RDC,See DN-675 (ID#:11247)
11614,DN-944,Generic,Haiti,04-Nov-08,04-Nov-08,200mg,Tablet,No,See DN-944 (ID#:11012),From RDC,"Nevirapine 200mg, tablets, 60 Tabs",136.82,21814,69804.8,PMO - US,"Aurobindo Unit III, India",Nevirapine,3.2,N/A - From RDC,SO-15930,Pre-PQ Process,Pre-PQ Process,ARV,106-HT-T01,04-Nov-08,Air,Adult,60,0.05,SCMS from RDC,N/A - From RDC,See DN-944 (ID#:11012)
11419,DN-220,Generic,CÃte dIvoire,18-Jul-07,18-Jul-07,150/200/30mg,Tablet - FDC,No,See DN-220 (ID#:10585),From RDC,"Lamivudine/Nevirapine/Stavudine 150/200/30mg, tablets, 60 Tabs",2.51,209,1567.5,PMO - US,"Cipla, Goa, India",Lamivudine/Nevirapine/Stavudine,7.5,N/A - From RDC,SO-590,Pre-PQ Process,Pre-PQ Process,ARV,104-CI-T01,18-Jul-07,MIssing,Adult,60,0.12,SCMS from RDC,N/A - From RDC,See DN-220 (ID#:10585)
11842,DN-547,Generic,CÃte dIvoire,15-Jan-08,15-Jan-08,10mg/ml,Oral suspension,Yes,1729,From RDC,"Nevirapine 10mg/ml, oral suspension, Bottle, 240 ml",2.96,965,1852.8,PMO - US,"Aurobindo Unit III, India",Nevirapine,1.92,N/A - From RDC,SO-1544,Pre-PQ Process,Pre-PQ Process,ARV,104-CI-T01,15-Jan-08,Air,Pediatric,240,0.01,SCMS from RDC,N/A - From RDC,344
11538,DN-663,Generic,Tanzania,23-Apr-08,23-Apr-08,300mg,Tablet,No,See DN-663 (ID#:10960),From RDC,"Abacavir 300mg, tablets, 60 Tabs",252.4,5730,157746.9,PMO - US,"Aurobindo Unit III, India",Abacavir,27.53,N/A - From RDC,SO-1695,Pre-PQ Process,Pre-PQ Process,ARV,109-TZ-T01,22-Apr-08,MIssing,Adult,60,0.46,SCMS from RDC,N/A - From RDC,See DN-663 (ID#:10960)
3282,ASN-2488,Generic,South Africa,08-Jul-08,08-Jul-08,600mg,Tablet,No,Freight Included in Commodity Cost,Direct Drop,"Efavirenz 600mg, tablets, 30 Tabs",25.9,1000,16190.0,PMO - US,"Cipla, Goa, India",Efavirenz,16.19,Date Not Captured,SCMS-26820,Pre-PQ Process,Pre-PQ Process,ARV,116-ZA-T01,10-Jul-08,Truck,Adult,30,0.54,S. BUYS WHOLESALER,DDP,Weight Captured Separately
11825,DN-464,Generic,Zambia,02-Jan-08,02-Jan-08,200mg,Capsule,Yes,845,From RDC,"Efavirenz 200mg, capsule, 90 Caps",17.2,672,10752.0,PMO - US,"Aurobindo Unit III, India",Efavirenz,16.0,N/A - From RDC,SO-1328,Pre-PQ Process,Pre-PQ Process,ARV,110-ZM-T01,02-Jan-08,MIssing,Pediatric,90,0.18,SCMS from RDC,N/A - From RDC,128
11219,DN-614,Generic,Haiti,21-Feb-08,21-Feb-08,10mg/ml,Oral solution,Yes,26877.3,From RDC,"Zidovudine 10mg/ml, oral solution, Bottle, 240 ml",10.32,3000,6450.0,PMO - US,"Aurobindo Unit III, India",Zidovudine,2.15,N/A - From RDC,SO-1287,Pre-PQ Process,Pre-PQ Process,ARV,106-HT-T01,04-Mar-08,Air,Pediatric,240,0.01,SCMS from RDC,N/A - From RDC,2584
670,ASN-2641,Determine,Zambia,20-Oct-08,20-Oct-08,MIssing,Test kit,Yes,11062.05,Direct Drop,"HIV 1/2, Determine HIV Kit, without Lancets, 100 Tests",634.95,4500,323955.0,PMO - US,Inverness Japan,"HIV 1/2, Determine HIV Kit, without Lancets",71.99,7/31/08,SCMS-27790,Pre-PQ Process,Pre-PQ Process,HRDT,110-ZM-T01,20-Oct-08,Air,HIV test,100,0.72,"Orgenics, Ltd",EXW,1053
3499,ASN-3080,Uni-Gold,Tanzania,19-Jan-09,19-Jan-09,MIssing,Test kit,Yes,3261.37,Direct Drop,"HIV 1/2, Uni-Gold HIV Kit, 20 Tests",52.62,839,26848.0,PMO - US,"Trinity Biotech, Plc","HIV 1/2, Uni-Gold HIV Kit",32.0,11/14/08,SCMS-33700,Pre-PQ Process,Pre-PQ Process,HRDT,109-TZ-T01,19-Jan-09,Air,HIV test,20,1.6,"Trinity Biotech, Plc",EXW,284
4647,ASN-2839,Colloidal Gold,Ethiopia,17-Nov-08,17-Nov-08,MIssing,Test kit,Yes,46117.09,Direct Drop,"HIV 1/2, SKB Colloidal Gold, Diagnostic Kit, Antibody, 50 Tests",315.65,7002,161046.0,PMO - US,"KHB Test Kit Facility, Shanghai China","HIV 1/2, Colloidal Gold, Diagnostic Kit, Antibody",23.0,8/22/08,SCMS-28690,Pre-PQ Process,Pre-PQ Process,HRDT,117-ET-T01,17-Nov-08,Air,HIV test,1,23.0,"SHANGHAI KEHUA BIOENGINEERING CO.,LTD.  (KHB)",EXW,4922
10648,DN-503,Trizivir,CÃte dIvoire,14-Dec-07,14-Dec-07,300/150/300mg,Tablet - FDC,Yes,1700,From RDC,"Abacavir/Lamivudine/Zidovudine 300/150/300mg [Trizivir], tablets, 60 Tabs",206.86,1847,129290.0,PMO - US,GSK Ware (UK),Abacavir/Lamivudine/Zidovudine,70.0,N/A - From RDC,SO-1361,Pre-PQ Process,Pre-PQ Process,ARV,104-CI-T01,14-Dec-07,Air,Adult,60,1.17,SCMS from RDC,N/A - From RDC,271
11685,DN-1444,Generic,Nigeria,20-Oct-09,20-Oct-09,200/300mg,Tablet - FDC,Yes,9341.49,From RDC,"Emtricitabine/Tenofovir Disoproxil Fumarate 200/300mg, tablets, 30 Tabs",5.6,243,2855.25,PMO - US,Mylan (formerly Matrix) Nashik,Emtricitabine/Tenofovir Disoproxil Fumarate,11.75,N/A - From RDC,SO-27825,Pre-PQ Process,Date Not Captured,ARV,151-NG-T01,20-Oct-09,Air Charter,Adult,30,0.39,SCMS from RDC,N/A - From RDC,22
11529,DN-692,Generic,Haiti,03-Apr-08,03-Apr-08,600mg,Tablet,No,See DN-692 (ID#:11233),From RDC,"Efavirenz 600mg, tablets, 30 Tabs",360.49,18760,225307.6,PMO - US,Mylan (formerly Matrix) Nashik,Efavirenz,12.01,N/A - From RDC,SO-2058,Pre-PQ Process,Pre-PQ Process,ARV,106-HT-T01,03-Apr-08,Air,Adult,30,0.4,SCMS from RDC,N/A - From RDC,See DN-692 (ID#:11233)
8459,ASN-2485,Generic,Vietnam,06-Oct-08,06-Oct-08,150/200/30mg,Tablet - FDC,Yes,5136.08,Direct Drop,"Lamivudine/Nevirapine/Stavudine 150/200/30mg, tablets, 60 Tabs",115.94,9792,72460.8,PMO - US,"Cipla, Goa, India",Lamivudine/Nevirapine/Stavudine,7.4,5/13/08,SCMS-23300,Pre-PQ Process,Pre-PQ Process,ARV,108-VN-T01,06-Oct-08,Air,Adult,60,0.12,CIPLA LIMITED,EXW,836
12676,DN-227,Bioline,CÃte dIvoire,18-Jul-07,18-Jul-07,MIssing,Test kit,Yes,1439,From RDC,"HIV 1/2, Bioline 3.0 Kit, (no accessories), 30 Tests",5.34,167,3340.0,PMO - US,"Standard Diagnostics, Korea","HIV 1/2, Bioline 3.0 Kit (no accessories)",20.0,N/A - From RDC,SO-543,Pre-PQ Process,Pre-PQ Process,HRDT,104-CI-T01,18-Jul-07,MIssing,HIV test,30,0.67,SCMS from RDC,N/A - From RDC,67
12712,DN-332,Generic,Ethiopia,04-Sep-07,04-Sep-07,10mg/ml,Oral suspension,No,See DN-332 (ID#:10613),From RDC,"Nevirapine 10mg/ml, oral suspension, Bottle, 240 ml",124.12,12512,77574.4,PMO - US,"Aurobindo Unit III, India",Nevirapine,6.2,N/A - From RDC,SO-914,Pre-PQ Process,Pre-PQ Process,ARV,117-ET-T01,04-Sep-07,MIssing,Pediatric,240,0.03,SCMS from RDC,N/A - From RDC,See DN-332 (ID#:10613)
12000,DN-1380,Generic,Mozambique,17-Sep-09,17-Sep-09,150/200/30mg,Tablet - FDC,Yes,1799.88,From RDC,"Lamivudine/Nevirapine/Stavudine 150/200/30mg, tablets, 60 Tabs",237.24,17000,121040.0,PMO - US,"Strides, Bangalore, India.",Lamivudine/Nevirapine/Stavudine,7.12,N/A - From RDC,SO-32530,Pre-PQ Process,Date Not Captured,ARV,111-MZ-T01,17-Sep-09,Truck,Adult,60,0.12,SCMS from RDC,N/A - From RDC,4374
12734,DN-423,Generic,CÃte dIvoire,13-Nov-07,13-Nov-07,300mg,Tablet,No,See DN-423 (ID#:11194),From RDC,"Zidovudine 300mg, tablets, 60 Tabs",0.08,6,48.9,PMO - US,"Aurobindo Unit III, India",Zidovudine,8.15,N/A - From RDC,SO-1245,Pre-PQ Process,Pre-PQ Process,ARV,104-CI-T01,13-Nov-07,Air,Adult,60,0.14,SCMS from RDC,N/A - From RDC,See DN-423 (ID#:11194)
11063,DN-1373,Generic,Haiti,31-Jul-09,31-Jul-09,10mg/ml,Oral suspension,No,See DN-1373 (ID#:11062),From RDC,"Nevirapine 10mg/ml, oral suspension, Bottle, 240 ml",8.67,2304,4423.68,PMO - US,"Aurobindo Unit III, India",Nevirapine,1.92,N/A - From RDC,SO-32760,Pre-PQ Process,Date Not Captured,ARV,106-HT-T01,31-Jul-09,Air,Pediatric,240,0.01,SCMS from RDC,N/A - From RDC,See DN-1373 (ID#:11062)
10715,DN-951,Generic,Zambia,21-Oct-08,21-Oct-08,200mg,Tablet,Yes,4060.55,From RDC,"Nevirapine 200mg, tablets, 60 Tabs",193.33,29011,98637.4,PMO - US,"Aurobindo Unit III, India",Nevirapine,3.4,N/A - From RDC,SO-2491,Pre-PQ Process,Pre-PQ Process,ARV,110-ZM-T01,21-Oct-08,Truck,Adult,60,0.06,SCMS from RDC,N/A - From RDC,2717
10347,ASN-3625,Zerit,South Africa,30-Dec-08,30-Dec-08,1mg/ml,Powder for oral solution,No,Freight Included in Commodity Cost,Direct Drop,"Stavudine 1mg/ml [Zerit], powder for oral solution, Bottle, 200 ml",0.09,40,48.4,PMO - US,"BMS Meymac, France",Stavudine,1.21,Date Not Captured,SCMS-41070,Pre-PQ Process,Pre-PQ Process,ARV,116-ZA-T01,12-May-09,Air,Pediatric,200,0.01,S. BUYS WHOLESALER,DDP,Weight Captured Separately
12220,DN-1083,Generic,Uganda,03-Mar-09,03-Mar-09,150/300/200mg,Tablet - FDC,No,See DN-1083 (ID#:12219),From RDC,"Lamivudine/Nevirapine/Zidovudine 150/200/300mg, tablets, 60 Tabs",7.22,312,3681.6,PMO - US,"Aurobindo Unit III, India",Lamivudine/Nevirapine/Zidovudine,11.8,N/A - From RDC,SO-17750,Pre-PQ Process,Pre-PQ Process,ARV,114-UG-T01,03-Mar-09,Air,Adult,60,0.2,SCMS from RDC,N/A - From RDC,See DN-1083 (ID#:12219)
12570,DN-1202,Truvada,Nigeria,29-Apr-09,29-Apr-09,300/200mg,Tablet - FDC,Yes,16864.58,From RDC,"Emtricitabine/Tenofovir Disoproxil Fumarate 200/300mg [Truvada], tablets, 30 Tabs",922.65,17933,470741.25,PMO - US,"Aspen-OSD, Port Elizabeth, SA",Emtricitabine/Tenofovir Disoproxil Fumarate,26.25,N/A - From RDC,SO-22523,Pre-PQ Process,Pre-PQ Process,ARV,151-NG-T01,29-Apr-09,Air,Adult,30,0.88,SCMS from RDC,N/A - From RDC,1564
9043,ASN-3737,Epivir,South Africa,23-Jan-09,23-Jan-09,150mg,Tablet,No,Freight Included in Commodity Cost,Direct Drop,"Lamivudine 150mg [Epivir], tablets, 60 Tabs",11.78,1200,6012.0,PMO - US,GSK Cape Town Factory (South Africa),Lamivudine,5.01,Date Not Captured,SCMS-41210,Pre-PQ Process,Pre-PQ Process,ARV,116-ZA-T01,30-Mar-09,Air,Adult,60,0.08,S. BUYS WHOLESALER,DDP,Weight Captured Separately
10406,ASN-4294,Determine,Nigeria,24-Jun-09,24-Jun-09,MIssing,Test kit,Yes,30697.91,Direct Drop,"HIV 1/2, Determine Complete HIV Kit, 100 Tests",1002.42,6393,511440.0,PMO - US,Inverness Japan,"HIV 1/2, Determine Complete HIV Kit",80.0,5/14/09,SCMS-43321,Pre-PQ Process,Pre-PQ Process,HRDT,133-NG-T01,24-Jun-09,Air,HIV test,100,0.8,"Orgenics, Ltd",EXW,1920
10344,ASN-3634,Zerit,South Africa,02-Dec-08,02-Dec-08,30mg,Capsule,No,Freight Included in Commodity Cost,Direct Drop,"Stavudine 30mg [Zerit], capsules, 60 Caps",27.24,3600,13896.0,PMO - US,"BMS Meymac, France",Stavudine,3.86,Date Not Captured,SCMS-40810,Pre-PQ Process,Pre-PQ Process,ARV,116-ZA-T01,31-Mar-09,Air,Adult,60,0.06,S. BUYS WHOLESALER,DDP,Weight Captured Separately
11424,DN-252,Generic,Zimbabwe,30-Jul-07,30-Jul-07,600mg,Tablet,Yes,1300.45,From RDC,"Efavirenz 600mg, tablets, 30 Tabs",83.25,3200,52032.0,PMO - US,"Aurobindo Unit III, India",Efavirenz,16.26,N/A - From RDC,SO-416,Pre-PQ Process,Pre-PQ Process,ARV,113-ZW-T01,30-Jul-07,MIssing,Adult,30,0.54,SCMS from RDC,N/A - From RDC,280
1298,ASN-386,Generic,Vietnam,12-May-07,12-May-07,150/200/30mg,Tablet - FDC,Yes,31858.09,Direct Drop,"Lamivudine/Nevirapine/Stavudine 150/200/30mg, tablets, 60 Tabs",MIssing,70000,525000.0,PMO - US,"Cipla, Goa, India",Lamivudine/Nevirapine/Stavudine,7.5,01-09-07,SCMS-262,Pre-PQ Process,Pre-PQ Process,ARV,108-VN-T01,12-May-07,Air,Adult,60,0.12,CIPLA LIMITED,EXW,6813
4023,ASN-607,Generic,Guyana,09-Aug-07,09-Aug-07,MIssing,Test kit - Ancillary,Yes,Invoiced Separately,Direct Drop,"HIV, Lancet, Safety, for HIV Test kits, 100 Pcs",0,300,3.0,PMO - US,Inverness Japan,"HIV, Lancet, Safety, for HIV Test kits, 100 Pcs",0.01,7/25/07,SCMS-767,Pre-PQ Process,Pre-PQ Process,HRDT,102-GY-T01,09-Aug-07,Air,HIV test - Ancillary,100,0.0,"Orgenics, Ltd",EXW,Weight Captured Separately
10860,DN-294,Bioline,Tanzania,18-Oct-07,18-Oct-07,MIssing,Test kit,Yes,13952.38,From RDC,"HIV 1/2, Bioline 3.0 Kit, Lancets, Capillary pipets, Alcohol swabs included, 25 Tests",256,8000,160000.0,PMO - US,"Standard Diagnostics, Korea","HIV 1/2, Bioline 3.0 Kit, Lancets, Capillary pipets, Alcohol swabs included",20.0,N/A - From RDC,SO-646,Pre-PQ Process,Pre-PQ Process,HRDT,109-TZ-T01,18-Oct-07,MIssing,HIV test,25,0.8,SCMS from RDC,N/A - From RDC,2366
11936,DN-944,Generic,Haiti,04-Nov-08,04-Nov-08,30mg,Capsule,No,See DN-944 (ID#:11012),From RDC,"Stavudine 30mg, capsules, 60 Caps",36.46,12000,18600.0,PMO - US,"Aurobindo Unit III, India",Stavudine,1.55,N/A - From RDC,SO-15930,Pre-PQ Process,Pre-PQ Process,ARV,106-HT-T01,04-Nov-08,Air,Adult,60,0.03,SCMS from RDC,N/A - From RDC,See DN-944 (ID#:11012)
12789,DN-669,Generic,Ethiopia,27-Mar-08,27-Mar-08,30mg,Capsule,Yes,17910,From RDC,"Stavudine 30mg, capsules, 60 Caps",190.81,78460,119259.2,PMO - US,"Aurobindo Unit III, India",Stavudine,1.52,N/A - From RDC,SO-1950,Pre-PQ Process,Pre-PQ Process,ARV,117-ET-T01,27-Mar-08,MIssing,Adult,60,0.03,SCMS from RDC,N/A - From RDC,5184
11668,DN-1355,Generic,CÃte dIvoire,04-Aug-09,04-Aug-09,150/300mg,Tablet - FDC,Yes,1133,From RDC,"Lamivudine/Zidovudine 150/300mg, tablets, 60 Tabs",3.67,214,1874.64,PMO - US,"Aurobindo Unit III, India",Lamivudine/Zidovudine,8.76,N/A - From RDC,SO-27541,Pre-PQ Process,Date Not Captured,ARV,104-CI-T01,04-Aug-09,Air,Adult,60,0.15,SCMS from RDC,N/A - From RDC,19
62,ASN-144,InstantCHEK,Nigeria,10-Jan-07,10-Jan-07,MIssing,Test kit,Yes,Invoiced Separately,Direct Drop,"HIV 1/2, InstantChek HIV 1+2 Kit, 100 Tests",MIssing,10,850.0,PMO - US,"EY Laboratories, USA","HIV 1/2, InstantChek HIV 1+2 Kit",85.0,Date Not Captured,SCMS-230,Pre-PQ Process,Pre-PQ Process,HRDT,102-NG-T01,10-Jan-07,Air,HIV test,100,0.85,EY Laboratories,EXW,Weight Captured Separately
10819,DN-133,Bioline,Tanzania,31-May-07,31-May-07,MIssing,Test kit,Yes,12740.42,From RDC,"HIV 1/2, Bioline 3.0 Kit, Lancets, Capillary pipets, Alcohol swabs included, 25 Tests",MIssing,8009,160180.0,PMO - US,"Standard Diagnostics, Korea","HIV 1/2, Bioline 3.0 Kit, Lancets, Capillary pipets, Alcohol swabs included",20.0,N/A - From RDC,SO-420,Pre-PQ Process,Pre-PQ Process,HRDT,109-TZ-T01,31-May-07,Air,HIV test,25,0.8,SCMS from RDC,N/A - From RDC,Weight Captured Separately
5507,ASN-1251,Stocrin/Sustiva,South Africa,29-Jan-08,29-Jan-08,600mg,Tablet,No,Freight Included in Commodity Cost,Direct Drop,"Efavirenz 600mg [Stocrin/Sustiva], tablets, 30 Tabs",20.79,600,12996.0,PMO - US,"MSD Midrand, Jburg, SA",Efavirenz,21.66,11-12-07,SCMS-14050,Pre-PQ Process,Pre-PQ Process,ARV,116-ZA-T01,29-Jan-08,MIssing,Adult,30,0.72,"JSI R&T INSTITUTE, INC.",DDP,Weight Captured Separately
791,ASN-2717,Determine,Namibia,29-Oct-08,29-Oct-08,MIssing,Test kit,Yes,2698.04,Direct Drop,"HIV 1/2, Determine HIV Kit, without Lancets, 100 Tests",21.17,150,10798.5,PMO - US,Inverness Japan,"HIV 1/2, Determine HIV Kit, without Lancets",71.99,9/24/08,SCMS-31180,Pre-PQ Process,Pre-PQ Process,HRDT,119-NA-T01,29-Oct-08,Air,HIV test,100,0.72,"Orgenics, Ltd",EXW,46
10697,DN-687,Generic,Zimbabwe,30-Mar-08,30-Mar-08,150/30mg,Tablet - FDC,Yes,15696.7,From RDC,"Lamivudine/Stavudine 150/30mg, tablets, 30 Tabs",5.12,1600,3200.0,PMO - US,"Cipla, Goa, India",Lamivudine/Stavudine,2.0,N/A - From RDC,SO-713,Pre-PQ Process,Pre-PQ Process,ARV,100-ZW-T01,30-Mar-08,Air,Adult,30,0.07,SCMS from RDC,N/A - From RDC,4252
6084,ASN-2946,Uni-Gold,Mozambique,29-Dec-08,29-Dec-08,MIssing,Test kit,Yes,23300.18,Direct Drop,"HIV 1/2, Uni-Gold HIV Kit, 20 Tests",308.33,4916,157312.0,PMO - US,"Trinity Biotech, Plc","HIV 1/2, Uni-Gold HIV Kit",32.0,10/14/08,SCMS-31770,Pre-PQ Process,Pre-PQ Process,HRDT,111-MZ-T01,29-Dec-08,Air,HIV test,20,1.6,"Trinity Biotech, Plc",EXW,1651
11616,DN-985,Generic,Uganda,09-Jan-09,09-Jan-09,150/200/30mg,Tablet - FDC,Yes,2331.03,From RDC,"Lamivudine/Nevirapine/Stavudine 150/200/30mg, tablets, 60 Tabs",47.61,3374,24292.8,PMO - US,"Strides, Bangalore, India.",Lamivudine/Nevirapine/Stavudine,7.2,N/A - From RDC,SO-17820,Pre-PQ Process,Pre-PQ Process,ARV,114-UG-T01,09-Jan-09,Air,Adult,60,0.12,SCMS from RDC,N/A - From RDC,250
12187,DN-682,Generic,Haiti,21-Mar-08,21-Mar-08,200mg,Chewable/dispersible tablet,No,See DN-682 (ID#:10963),From RDC,"Didanosine 200mg, chewable/dispersible tablets, 60 Tabs",1.86,75,1162.5,PMO - US,"Aurobindo Unit III, India",Didanosine,15.5,N/A - From RDC,SO-2042,Pre-PQ Process,Pre-PQ Process,ARV,106-HT-T01,21-Mar-08,Air,Pediatric,60,0.26,SCMS from RDC,N/A - From RDC,See DN-682 (ID#:10963)
11174,DN-332,Generic,Ethiopia,04-Sep-07,04-Sep-07,150mg,Tablet,No,See DN-332 (ID#:10613),From RDC,"Lamivudine 150mg, tablets, 60 Tabs",291.98,60029,182488.16,PMO - US,"Ranbaxy, Paonta Shahib, India",Lamivudine,3.04,N/A - From RDC,SO-914,Pre-PQ Process,Pre-PQ Process,ARV,117-ET-T01,04-Sep-07,MIssing,Adult,60,0.05,SCMS from RDC,N/A - From RDC,See DN-332 (ID#:10613)
12925,DN-1497,Generic,Haiti,22-Oct-09,22-Oct-09,30mg,Capsule,Yes,3842.22,From RDC,"Stavudine 30mg, capsules, 60 Caps",13.88,4410,6438.6,PMO - US,"Aurobindo Unit III, India",Stavudine,1.46,N/A - From RDC,SO-34250,Pre-PQ Process,Date Not Captured,ARV,106-HT-T01,22-Oct-09,Air,Adult,60,0.02,SCMS from RDC,N/A - From RDC,286
5253,ASN-57,Generic,Nigeria,28-Sep-06,28-Sep-06,10mg/ml,Oral suspension,No,See ASN-57 (ID#:23),Direct Drop,"Nevirapine 10mg/ml, oral suspension, Bottle, 240 ml",MIssing,416,2579.2,PMO - US,"Aurobindo Unit III, India",Nevirapine,6.2,Date Not Captured,SCMS-87,Pre-PQ Process,Pre-PQ Process,ARV,112-NG-T01,28-Sep-06,Air,Pediatric,240,0.03,Aurobindo Pharma Limited,EXW,See ASN-57 (ID#:23)
44,ASN-130,Stocrin/Sustiva,Zambia,08-Jan-07,08-Jan-07,200mg,Capsule,Yes,Freight Included in Commodity Cost,Direct Drop,"Efavirenz 200mg [Stocrin/Sustiva], capsule, 90 Caps",MIssing,135,4374.0,PMO - US,MSD South Granville Australia,Efavirenz,32.4,Date Not Captured,SCMS-139,Pre-PQ Process,Pre-PQ Process,ARV,110-ZM-T01,08-Jan-07,Air,Pediatric,90,0.36,MERCK SHARP & DOHME IDEA GMBH (FORMALLY MERCK SHARP & DOHME B.V.),DDU,328
12155,DN-445,Generic,Haiti,22-Jan-08,22-Jan-08,150mg,Tablet,No,See DN-445 (ID#:10640),From RDC,"Lamivudine 150mg, tablets, 60 Tabs",24.32,5000,15200.0,PMO - US,"Ranbaxy, Paonta Shahib, India",Lamivudine,3.04,N/A - From RDC,SO-1288,Pre-PQ Process,Pre-PQ Process,ARV,106-HT-T01,22-Jan-08,Air,Adult,60,0.05,SCMS from RDC,N/A - From RDC,See DN-445 (ID#:10640)
11250,DN-786,Generic,CÃte dIvoire,27-Jun-08,27-Jun-08,200mg,Capsule,Yes,6299.56,From RDC,"Efavirenz 200mg, capsule, 90 Caps",99.46,3885,62160.0,PMO - US,"Aurobindo Unit III, India",Efavirenz,16.0,N/A - From RDC,SO-2705,Pre-PQ Process,Pre-PQ Process,ARV,104-CI-T01,27-Jun-08,Air,Pediatric,90,0.18,SCMS from RDC,N/A - From RDC,467
12875,DN-1181,Generic,Mozambique,03-Jun-09,03-Jun-09,150/200/30mg,Tablet - FDC,Yes,10211.52,From RDC,"Lamivudine/Nevirapine/Stavudine 150/200/30mg, tablets, 60 Tabs",1905.12,135000,972000.0,PMO - US,"Strides, Bangalore, India.",Lamivudine/Nevirapine/Stavudine,7.2,N/A - From RDC,SO-17531,Pre-PQ Process,Pre-PQ Process,ARV,111-MZ-T01,03-Jun-09,Truck,Adult,60,0.12,SCMS from RDC,N/A - From RDC,10053
12913,DN-1427,Generic,CÃte dIvoire,25-Sep-09,25-Sep-09,150mg,Tablet,No,See DN-1427 (ID#:11683),From RDC,"Lamivudine 150mg, tablets, 60 Tabs",27.88,5830,14225.2,PMO - US,"Aurobindo Unit III, India",Lamivudine,2.44,N/A - From RDC,SO-33230,Pre-PQ Process,Date Not Captured,ARV,104-CI-T01,25-Sep-09,Air,Adult,60,0.04,SCMS from RDC,N/A - From RDC,See DN-1427 (ID#:11683)
10367,ASN-4610,Epivir,South Africa,25-Jun-09,25-Jun-09,150mg,Tablet,Yes,Freight Included in Commodity Cost,Direct Drop,"Lamivudine 150mg [Epivir], tablets, 60 Tabs",73.54,7000,37520.0,PMO - US,GSK Cape Town Factory (South Africa),Lamivudine,5.36,3/27/09,SCMS-49550,Pre-PQ Process,Pre-PQ Process,ARV,116-ZA-T01,25-Jun-09,Truck,Adult,60,0.09,S. BUYS WHOLESALER,DDP,Weight Captured Separately
11707,DN-87,Uni-Gold,Zambia,03-May-07,03-May-07,MIssing,Test kit,Yes,9437.24,From RDC,"HIV 1/2, Uni-Gold HIV Kit, 20 Tests",MIssing,3500,112000.0,PMO - US,"Trinity Biotech, Plc","HIV 1/2, Uni-Gold HIV Kit",32.0,N/A - From RDC,SO-355,Pre-PQ Process,Pre-PQ Process,HRDT,110-ZM-T01,03-May-07,MIssing,HIV test,20,1.6,SCMS from RDC,N/A - From RDC,1109
11476,DN-411,Generic,Nigeria,01-Nov-07,01-Nov-07,150/300mg,Tablet - FDC,No,See DN-411 (ID#:10631),From RDC,"Lamivudine/Zidovudine 150/300mg, tablets, 60 Tabs",37.44,1200,23400.0,PMO - US,"Aurobindo Unit III, India",Lamivudine/Zidovudine,19.5,N/A - From RDC,SO-1225,Pre-PQ Process,Pre-PQ Process,ARV,112-NG-T01,01-Nov-07,Air,Adult,60,0.32,SCMS from RDC,N/A - From RDC,See DN-411 (ID#:10631)
1587,ASN-1520,Zerit,South Africa,04-Jan-08,04-Jan-08,20mg,Capsule,No,Freight Included in Commodity Cost,Direct Drop,"Stavudine 20mg [Zerit], capsules, 60 Caps",0.92,100,573.0,PMO - US,"BMS Meymac, France",Stavudine,5.73,01-04-08,SCMS-16600,Pre-PQ Process,Pre-PQ Process,ARV,116-ZA-T01,21-Jan-08,MIssing,Adult,60,0.1,"JSI R&T INSTITUTE, INC.",DDP,Weight Captured Separately
4283,ASN-1519,Generic,Haiti,11-Apr-08,11-Apr-08,100/25mg,Tablet,Yes,910.86,Direct Drop,"Lopinavir/Ritonavir 100/25mg [Aluvia], tablets, 60 Tabs",2.96,180,1850.4,PMO - US,ABBVIE Ludwigshafen Germany,Lopinavir/Ritonavir,10.28,2/15/08,SCMS-17670,Pre-PQ Process,Pre-PQ Process,ARV,106-HT-T01,11-Apr-08,Air,Pediatric,60,0.17,ABBVIE LOGISTICS (FORMERLY ABBOTT LOGISTICS BV),FCA,31
12237,DN-1051,Generic,Ethiopia,03-Feb-09,03-Feb-09,150/200/30mg,Tablet - FDC,Yes,9189.57,From RDC,"Lamivudine/Nevirapine/Stavudine 150/200/30mg, tablets, 60 Tabs",319.83,22918,163176.16,PMO - US,"Strides, Bangalore, India.",Lamivudine/Nevirapine/Stavudine,7.12,N/A - From RDC,SO-21990,Pre-PQ Process,Pre-PQ Process,ARV,117-ET-T01,03-Feb-09,Air,Adult,60,0.12,SCMS from RDC,N/A - From RDC,1689
2657,ASN-55,Generic,Vietnam,11-Aug-06,11-Aug-06,150/300mg,Tablet - FDC,No,See ASN-55 (ID#:16),Direct Drop,"Lamivudine/Zidovudine 150/300mg, tablets, 60 Tabs",MIssing,20000,338000.0,PMO - US,"Aurobindo Unit III, India",Lamivudine/Zidovudine,16.9,Date Not Captured,SCMS-81,Pre-PQ Process,Pre-PQ Process,ARV,108-VN-T01,11-Aug-06,Air,Adult,60,0.28,Aurobindo Pharma Limited,EXW,See ASN-55 (ID#:16)
11407,DN-244,Aluvia,CÃte dIvoire,20-Jul-07,20-Jul-07,200/50mg,Tablet,Yes,1603,From RDC,"Lopinavir/Ritonavir 200/50mg [Aluvia], tablets, 120 Tabs",72.99,1110,45621.0,PMO - US,ABBVIE Ludwigshafen Germany,Lopinavir/Ritonavir,41.1,N/A - From RDC,SO-652,Pre-PQ Process,Pre-PQ Process,ARV,104-CI-T01,20-Jul-07,MIssing,Adult,120,0.34,SCMS from RDC,N/A - From RDC,222
1279,ASN-79,Kaletra,Zimbabwe,07-Nov-06,07-Nov-06,133.3/33.3mg,Capsule,Yes,Freight Included in Commodity Cost,Direct Drop,"Lopinavir/Ritonavir 133.3/33.3mg [Kaletra], capsules, cool, 2 x 90 Caps",MIssing,260,11096.8,PMO - US,ABBVIE (Abbott) St. Pburg USA,Lopinavir/Ritonavir,42.68,Date Not Captured,SCMS-135,Pre-PQ Process,Pre-PQ Process,ARV,113-ZW-T01,07-Nov-06,Air,Adult,180,0.24,INTERNATIONAL HEALTHCARE DISTRIBUTORS,CIP,135
3751,ASN-3732,Videx EC,South Africa,21-Jan-09,21-Jan-09,400mg,Delayed-release capsules - blister,No,Freight Included in Commodity Cost,Direct Drop,"Didanosine EC 400mg [Videx EC], delayed-release capsules, Blister 3 x 10 Caps",2.15,60,1095.0,PMO - US,"BMS Meymac, France",Didanosine EC,18.25,Date Not Captured,SCMS-41190,Pre-PQ Process,Pre-PQ Process,ARV,116-ZA-T01,30-Mar-09,Air,Adult,30,0.61,S. BUYS WHOLESALER,DDP,Weight Captured Separately
10923,DN-528,Generic,Ethiopia,20-Dec-07,20-Dec-07,10mg/ml,Oral solution,Yes,2511.67,From RDC,"Zidovudine 10mg/ml, oral solution, Bottle, 240 ml",6.63,1926,4140.9,PMO - US,"Aurobindo Unit III, India",Zidovudine,2.15,N/A - From RDC,SO-1533,Pre-PQ Process,Pre-PQ Process,ARV,117-ET-T01,20-Dec-07,Air,Pediatric,240,0.01,SCMS from RDC,N/A - From RDC,807
11666,DN-1349,Truvada,Nigeria,04-Aug-09,04-Aug-09,300/200mg,Tablet - FDC,Yes,7445.8,From RDC,"Emtricitabine/Tenofovir Disoproxil Fumarate 200/300mg [Truvada], tablets, 30 Tabs",44.92,873,22916.25,PMO - US,"Aspen-OSD, Port Elizabeth, SA",Emtricitabine/Tenofovir Disoproxil Fumarate,26.25,N/A - From RDC,SO-27814,Pre-PQ Process,Date Not Captured,ARV,151-NG-T01,04-Aug-09,Air Charter,Adult,30,0.88,SCMS from RDC,N/A - From RDC,76
6622,ASN-124,Generic,Uganda,02-Jan-07,02-Jan-07,200mg,Tablet,Yes,3181.2,Direct Drop,"Nevirapine 200mg, tablets, 60 Tabs",MIssing,6349,21586.6,PMO - US,"Strides, Bangalore, India.",Nevirapine,3.4,Date Not Captured,SCMS-160,Pre-PQ Process,Pre-PQ Process,ARV,114-UG-T01,02-Jan-07,Air,Adult,60,0.06,STRIDES ARCOLAB LIMITED,EXW,355
11570,DN-1008,Generic,Nigeria,17-Nov-08,17-Nov-08,30mg,Capsule,Yes,4984.4,From RDC,"Stavudine 30mg, capsules, 60 Caps",2.88,948,1469.4,PMO - US,"Aurobindo Unit III, India",Stavudine,1.55,N/A - From RDC,SO-2729,Pre-PQ Process,Pre-PQ Process,ARV,112-NG-T01,17-Nov-08,Air,Adult,60,0.03,SCMS from RDC,N/A - From RDC,127
11863,DN-740,Truvada,Nigeria,20-May-08,20-May-08,300/200mg,Tablet - FDC,Yes,1110.5,From RDC,"Emtricitabine/Tenofovir Disoproxil Fumarate 200/300mg [Truvada], tablets, 30 Tabs",26.92,641,16826.25,PMO - US,"Aspen-OSD, Port Elizabeth, SA",Emtricitabine/Tenofovir Disoproxil Fumarate,26.25,N/A - From RDC,SO-2579,Pre-PQ Process,Pre-PQ Process,ARV,131-NG-T01,20-May-08,Air,Adult,30,0.88,SCMS from RDC,N/A - From RDC,58
12581,DN-1236,Kaletra,Ghana,12-Aug-09,12-Aug-09,80/20mg/ml,Oral solution,Yes,Invoiced Separately,From RDC,"Lopinavir/Ritonavir 80/20mg/ml [Kaletra], oral solution, cool, Bottle 5 x 60 ml",0.02,1059,10.59,PMO - US,ABBVIE (Abbott) Logis. UK,Lopinavir/Ritonavir,0.01,N/A - From RDC,SO-30710,Pre-PQ Process,Date Not Captured,ARV,100-GH-T01,12-Aug-09,Truck,Pediatric,300,0.0,SCMS from RDC,N/A - From RDC,Weight Captured Separately
7436,ASN-3312,Generic,Vietnam,27-Feb-09,27-Feb-09,200mg,Tablet,No,See ASN-3312 (ID#:6081),Direct Drop,"Nevirapine 200mg, tablets, 60 Tabs",44.34,7800,22620.0,PMO - US,"Aurobindo Unit III, India",Nevirapine,2.9,10/21/08,SCMS-31720,Pre-PQ Process,Pre-PQ Process,ARV,108-VN-T01,27-Feb-09,Air,Adult,60,0.05,Aurobindo Pharma Limited,EXW,See ASN-3312 (ID#:6081)
10977,DN-701,Truvada,Zambia,09-May-08,09-May-08,300/200mg,Tablet - FDC,Yes,1772.4,From RDC,"Emtricitabine/Tenofovir Disoproxil Fumarate 200/300mg [Truvada], tablets, 30 Tabs",1680,40000,1050000.0,PMO - US,"Aspen-OSD, Port Elizabeth, SA",Emtricitabine/Tenofovir Disoproxil Fumarate,26.25,N/A - From RDC,SO-1888,Pre-PQ Process,Pre-PQ Process,ARV,110-ZM-T01,09-May-08,MIssing,Adult,30,0.88,SCMS from RDC,N/A - From RDC,3512
11007,DN-1100,Generic,Haiti,03-Mar-09,03-Mar-09,10mg/ml,Oral suspension,No,See DN-1100 (ID#:11005),From RDC,"Nevirapine 10mg/ml, oral suspension, Bottle, 240 ml",19.63,5216,10014.72,PMO - US,"Aurobindo Unit III, India",Nevirapine,1.92,N/A - From RDC,SO-23750,Pre-PQ Process,Pre-PQ Process,ARV,106-HT-T01,03-Mar-09,Air,Pediatric,240,0.01,SCMS from RDC,N/A - From RDC,See DN-1100 (ID#:11005)
11067,DN-1414,Generic,Uganda,14-Sep-09,14-Sep-09,300mg,Tablet,Yes,1112.31,From RDC,"Zidovudine 300mg, tablets, 60 Tabs",2.83,192,1445.76,PMO - US,"Aurobindo Unit III, India",Zidovudine,7.53,N/A - From RDC,SO-32960,Pre-PQ Process,Date Not Captured,ARV,114-UG-T01,14-Sep-09,Air,Adult,60,0.13,SCMS from RDC,N/A - From RDC,11
10571,DN-141,Generic,Zimbabwe,20-May-07,20-May-07,600mg,Tablet,Yes,1956.93,From RDC,"Efavirenz 600mg, tablets, 30 Tabs",MIssing,6000,97500.0,PMO - US,"Aurobindo Unit III, India",Efavirenz,16.25,N/A - From RDC,SO-278,Pre-PQ Process,Pre-PQ Process,ARV,113-ZW-T01,20-May-07,MIssing,Adult,30,0.54,SCMS from RDC,N/A - From RDC,553
10636,DN-605,Generic,Zambia,21-Feb-08,21-Feb-08,200mg,Tablet,Yes,15220.18,From RDC,"Nevirapine 200mg, tablets, 60 Tabs",393.49,72333,245932.2,PMO - US,Hetero Unit III Hyderabad IN,Nevirapine,3.4,N/A - From RDC,SO-1317,Pre-PQ Process,Pre-PQ Process,ARV,110-ZM-T01,21-Feb-08,Truck,Adult,60,0.06,SCMS from RDC,N/A - From RDC,4957
7778,ASN-4514,Generic,South Africa,08-Jun-09,08-Jun-09,50mg,Capsule,Yes,Freight Included in Commodity Cost,Direct Drop,"Efavirenz 50mg, capsule, 30 Caps",3.7,600,1890.0,PMO - US,"Aurobindo Unit III, India",Efavirenz,3.15,04-02-09,SCMS-42440,Pre-PQ Process,Pre-PQ Process,ARV,116-ZA-T01,08-Jun-09,Truck,Pediatric,30,0.1,S. BUYS WHOLESALER,DDP,Weight Captured Separately
12860,DN-1062,Generic,Ethiopia,04-Mar-09,04-Mar-09,600mg,Tablet,No,See DN-1062 (ID#:12256),From RDC,"Efavirenz 600mg, tablets, 30 Tabs",734.76,35299,374875.38,PMO - US,"Aurobindo Unit III, India",Efavirenz,10.62,N/A - From RDC,SO-22030,Pre-PQ Process,Pre-PQ Process,ARV,117-ET-T01,04-Mar-09,Air,Adult,30,0.35,SCMS from RDC,N/A - From RDC,See DN-1062 (ID#:12256)
3261,ASN-2338,Generic,Vietnam,20-Sep-08,20-Sep-08,300mg,Tablet,Yes,5921.97,Direct Drop,"Tenofovir Disoproxil Fumarate 300mg, tablets, 30 Tabs",39.87,2016,24917.76,PMO - US,Mylan (formerly Matrix) Nashik,Tenofovir Disoproxil Fumarate,12.36,07-01-08,SCMS-26380,Pre-PQ Process,Pre-PQ Process,ARV,108-VN-T01,20-Sep-08,Air,Adult,30,0.41,MYLAN LABORATORIES LTD (FORMERLY MATRIX LABORATORIES),EXW,120
11805,DN-426,Crixivan,Mozambique,29-Nov-07,29-Nov-07,400mg,Capsule,No,See DN-426 (ID#:10633),From RDC,"Indinavir 400mg [Crixivan], capsules, 180 Caps",67.2,840,42000.0,PMO - US,"MSD, Haarlem, NL",Indinavir,50.0,N/A - From RDC,SO-1038,Pre-PQ Process,Pre-PQ Process,ARV,111-MZ-T01,29-Nov-07,Air,Adult,180,0.28,SCMS from RDC,N/A - From RDC,See DN-426 (ID#:10633)
11357,DN-1466,Generic,Haiti,21-Oct-09,21-Oct-09,150/300mg,Tablet - FDC,Yes,75688.58,From RDC,"Lamivudine/Zidovudine 150/300mg, tablets, 60 Tabs",1029.35,59952,525179.52,PMO - US,"Aurobindo Unit III, India",Lamivudine/Zidovudine,8.76,N/A - From RDC,SO-32720,Pre-PQ Process,Date Not Captured,ARV,106-HT-T01,21-Oct-09,Air,Adult,60,0.15,SCMS from RDC,N/A - From RDC,6967
12824,DN-888,Truvada,Nigeria,31-Aug-08,31-Aug-08,300/200mg,Tablet - FDC,No,See DN-888 (ID#:11910),From RDC,"Emtricitabine/Tenofovir Disoproxil Fumarate 200/300mg [Truvada], tablets, 30 Tabs",0.17,4,105.0,PMO - US,"Aspen-OSD, Port Elizabeth, SA",Emtricitabine/Tenofovir Disoproxil Fumarate,26.25,N/A - From RDC,SO-2727,Pre-PQ Process,Pre-PQ Process,ARV,112-NG-T01,31-Aug-08,Air,Adult,30,0.88,SCMS from RDC,N/A - From RDC,See DN-888 (ID#:11910)
459,ASN-1667,Videx,South Africa,07-Apr-08,07-Apr-08,25mg,Chewable/dispersible tablet,Yes,Freight Included in Commodity Cost,Direct Drop,"Didanosine 25mg [Videx], chewable tablets, 60 Tabs",0.12,6,77.1,PMO - US,"BMS Meymac, France",Didanosine,12.85,04-04-08,SCMS-21460,Pre-PQ Process,Pre-PQ Process,ARV,116-ZA-T01,25-Apr-08,MIssing,Pediatric,60,0.21,S. BUYS WHOLESALER,DDP,Weight Captured Separately
1971,ASN-2910,Paramax,Guyana,15-Dec-08,15-Dec-08,MIssing,Test kit,Yes,648.27,Direct Drop,"Malaria Paramax-3 Kit, 25 Tests",7.94,108,4050.0,PMO - US,Not Applicable,Malaria Paramax-3 Kit,37.5,7/28/08,SCMS-27680,Pre-PQ Process,Pre-PQ Process,MRDT,102-GY-T01,15-Dec-08,Air,Malaria,25,1.5,ZEPHYR BIOMEDICALS,EXW,34
10859,DN-290,Generic,Tanzania,10-Sep-07,10-Sep-07,300mg,Tablet,Yes,9689,From RDC,"Abacavir 300mg, tablets, 60 Tabs",223.16,3896,139476.8,PMO - US,"Aurobindo Unit III, India",Abacavir,35.8,N/A - From RDC,SO-455,Pre-PQ Process,Pre-PQ Process,ARV,109-TZ-T01,10-Sep-07,MIssing,Adult,60,0.6,SCMS from RDC,N/A - From RDC,3369
11970,DN-1234,Generic,CÃte dIvoire,11-Jun-09,11-Jun-09,200mg,Capsule,Yes,9936.96,From RDC,"Efavirenz 200mg, capsule, 90 Caps",50.25,1680,25636.8,PMO - US,"Aurobindo Unit III, India",Efavirenz,15.26,N/A - From RDC,SO-27520,Pre-PQ Process,Pre-PQ Process,ARV,104-CI-T01,11-Jun-09,Air,Pediatric,90,0.17,SCMS from RDC,N/A - From RDC,3337
11817,DN-545,Determine,CÃte dIvoire,25-Jan-08,25-Jan-08,MIssing,Test kit,Yes,2372.8,From RDC,"HIV 1/2, Determine HIV Kit, without Lancets, 100 Tests",143.98,1250,89987.5,PMO - US,Inverness Japan,"HIV 1/2, Determine HIV Kit, without Lancets",71.99,N/A - From RDC,SO-1482,Pre-PQ Process,Pre-PQ Process,HRDT,104-CI-T01,25-Jan-08,Air,HIV test,100,0.72,SCMS from RDC,N/A - From RDC,296
12487,DN-620,Generic,Nigeria,14-Feb-08,14-Feb-08,150/300/200mg,Tablet - FDC,No,See DN-620 (ID#:12168),From RDC,"Lamivudine/Nevirapine/Zidovudine 150/200/300mg, tablets, 60 Tabs",193.1,8940,120690.0,PMO - US,"Cipla, Goa, India",Lamivudine/Nevirapine/Zidovudine,13.5,N/A - From RDC,SO-1571,Pre-PQ Process,Pre-PQ Process,ARV,112-NG-T01,14-Feb-08,Air,Adult,60,0.22,SCMS from RDC,N/A - From RDC,See DN-620 (ID#:12168)
11017,DN-995,Generic,Uganda,02-Dec-08,02-Dec-08,150mg,Tablet,Yes,1096.71,From RDC,"Lamivudine 150mg, tablets, 60 Tabs",2.84,500,1450.0,PMO - US,"Aurobindo Unit III, India",Lamivudine,2.9,N/A - From RDC,SO-17780,Pre-PQ Process,Pre-PQ Process,ARV,114-UG-T01,02-Dec-08,Air,Adult,60,0.05,SCMS from RDC,N/A - From RDC,26
12835,DN-893,Generic,Tanzania,15-Sep-08,15-Sep-08,300mg,Tablet,No,See DN-893 (ID#:11596),From RDC,"Abacavir 300mg, tablets, 60 Tabs",252.4,5730,157746.9,PMO - US,"Aurobindo Unit III, India",Abacavir,27.53,N/A - From RDC,SO-1697,Pre-PQ Process,Pre-PQ Process,ARV,109-TZ-T01,15-Sep-08,MIssing,Adult,60,0.46,SCMS from RDC,N/A - From RDC,See DN-893 (ID#:11596)
11607,DN-1084,Generic,Uganda,05-Mar-09,05-Mar-09,200mg,Tablet,No,See DN-1084 (ID#:11295),From RDC,"Nevirapine 200mg, tablets, 60 Tabs",9.56,1524,4876.8,PMO - US,"Aurobindo Unit III, India",Nevirapine,3.2,N/A - From RDC,SO-17753,Pre-PQ Process,Pre-PQ Process,ARV,114-UG-T01,05-Mar-09,Air,Adult,60,0.05,SCMS from RDC,N/A - From RDC,See DN-1084 (ID#:11295)
11234,DN-685,Generic,Haiti,31-Mar-08,31-Mar-08,600mg,Tablet,Yes,31051.3,From RDC,"Efavirenz 600mg, tablets, 30 Tabs",379.32,19740,237077.4,PMO - US,"Aurobindo Unit III, India",Efavirenz,12.01,N/A - From RDC,SO-2046,Pre-PQ Process,Pre-PQ Process,ARV,106-HT-T01,31-Mar-08,Air,Adult,30,0.4,SCMS from RDC,N/A - From RDC,2941
2685,ASN-123,Generic,Zambia,20-Dec-06,20-Dec-06,600mg,Tablet,Yes,49824.57,Direct Drop,"Efavirenz 600mg, tablets, 30 Tabs",MIssing,60784,1018132.0,PMO - US,"Aurobindo Unit III, India",Efavirenz,16.75,Date Not Captured,SCMS-163,Pre-PQ Process,Pre-PQ Process,ARV,110-ZM-T01,20-Dec-06,Air,Adult,30,0.56,Aurobindo Pharma Limited,EXW,11179
11878,DN-625,Generic,Zambia,28-Mar-08,28-Mar-08,150/300mg,Tablet - FDC,No,See DN-625 (ID#:10956),From RDC,"Lamivudine/Zidovudine 150/300mg, tablets, 60 Tabs",756,50000,472500.0,PMO - US,"Aurobindo Unit III, India",Lamivudine/Zidovudine,9.45,N/A - From RDC,SO-1806,Pre-PQ Process,Pre-PQ Process,ARV,110-ZM-T01,28-Mar-08,MIssing,Adult,60,0.16,SCMS from RDC,N/A - From RDC,See DN-625 (ID#:10956)
11336,DN-1315,Generic,CÃte dIvoire,14-Jul-09,14-Jul-09,300mg,Tablet,No,See DN-1315 (ID#:10781),From RDC,"Tenofovir Disoproxil Fumarate 300mg, tablets, 30 Tabs",156.17,6000,79680.0,PMO - US,Mylan (formerly Matrix) Nashik,Tenofovir Disoproxil Fumarate,13.28,N/A - From RDC,SO-27540,Pre-PQ Process,Date Not Captured,ARV,104-CI-T01,14-Jul-09,Air,Adult,30,0.44,SCMS from RDC,N/A - From RDC,See DN-1315 (ID#:10781)
3828,ASN-4687,Generic,Rwanda,21-Sep-09,21-Sep-09,150/300/200mg,Tablet - FDC,Yes,61925.7,Direct Drop,"Lamivudine/Nevirapine/Zidovudine 150/200/300mg, tablets, 60 Tabs",1257.84,54432,641753.28,PMO - US,Mylan (formerly Matrix) Nashik,Lamivudine/Nevirapine/Zidovudine,11.79,4/15/09,SCMS-43870,Pre-PQ Process,Pre-PQ Process,ARV,107-RW-T01,21-Sep-09,Air,Adult,60,0.2,MYLAN LABORATORIES LTD (FORMERLY MATRIX LABORATORIES),CIP,7278
12406,DN-366,Generic,Zambia,27-Sep-07,27-Sep-07,300mg,Tablet,No,See DN-366 (ID#:11161),From RDC,"Zidovudine 300mg, tablets, 60 Tabs",161.96,12420,101223.0,PMO - US,"Aurobindo Unit III, India",Zidovudine,8.15,N/A - From RDC,SO-940,Pre-PQ Process,Pre-PQ Process,ARV,110-ZM-T01,27-Sep-07,MIssing,Adult,60,0.14,SCMS from RDC,N/A - From RDC,See DN-366 (ID#:11161)
12167,DN-618,Stat-Pak,Guyana,21-Feb-08,21-Feb-08,MIssing,Test kit,Yes,798.58,From RDC,"HIV 1/2, Stat-Pak HIV, Kit, 20 Tests",1.94,45,1215.0,PMO - US,Chembio Diagnostics Sys. Inc.,"HIV 1/2, Stat-Pak HIV, Kit",27.0,N/A - From RDC,SO-1005,Pre-PQ Process,Pre-PQ Process,HRDT,102-GY-T01,21-Feb-08,MIssing,HIV test,20,1.35,SCMS from RDC,N/A - From RDC,13
12480,DN-717,Generic,Nigeria,18-Apr-08,18-Apr-08,300mg,Tablet,No,See DN-717 (ID#:11858),From RDC,"Abacavir 300mg, tablets, 60 Tabs",0.66,15,412.95,PMO - US,Mylan (formerly Matrix) Nashik,Abacavir,27.53,N/A - From RDC,SO-2351,Pre-PQ Process,Pre-PQ Process,ARV,112-NG-T01,18-Apr-08,Air,Adult,60,0.46,SCMS from RDC,N/A - From RDC,See DN-717 (ID#:11858)
11346,DN-1367,Truvada,Nigeria,04-Aug-09,04-Aug-09,300/200mg,Tablet - FDC,Yes,7445.71,From RDC,"Emtricitabine/Tenofovir Disoproxil Fumarate 200/300mg [Truvada], tablets, 30 Tabs",435.37,8462,222127.5,PMO - US,"Aspen-OSD, Port Elizabeth, SA",Emtricitabine/Tenofovir Disoproxil Fumarate,26.25,N/A - From RDC,SO-27817,Pre-PQ Process,Date Not Captured,ARV,151-NG-T01,04-Aug-09,Air Charter,Adult,30,0.88,SCMS from RDC,N/A - From RDC,1225
3763,ASN-4360,Retrovir,South Africa,20-Apr-09,20-Apr-09,10mg/ml,Injection,Yes,Freight Included in Commodity Cost,Direct Drop,"Zidovudine 10mg/ml [Retrovir], solution for IV infusion injection, Vial 5 x 20 ml",8.94,334,4559.1,PMO - US,GSK Ware (UK),Zidovudine,13.65,3/18/09,SCMS-41461,Pre-PQ Process,Pre-PQ Process,ARV,116-ZA-T01,25-Jun-09,Air,Pediatric,5,2.73,S. BUYS WHOLESALER,DDP,Weight Captured Separately
979,ASN-3454,Generic,Vietnam,16-Mar-09,16-Mar-09,150/300mg,Tablet - FDC,Yes,892.5,Direct Drop,"Lamivudine/Zidovudine 150/300mg, tablets, 60 Tabs",39.69,2352,20250.72,PMO - US,"Aurobindo Unit III, India",Lamivudine/Zidovudine,8.61,10/21/08,SCMS-31721,Pre-PQ Process,Pre-PQ Process,ARV,108-VN-T01,16-Mar-09,Air,Adult,60,0.14,Aurobindo Pharma Limited,EXW,211
11383,DN-69,Generic,Zambia,20-Apr-07,20-Apr-07,300mg,Tablet,Yes,1684.15,From RDC,"Abacavir 300mg, tablets, 60 Tabs",MIssing,5000,177500.0,PMO - US,"Aurobindo Unit III, India",Abacavir,35.5,N/A - From RDC,SO-206,Pre-PQ Process,Pre-PQ Process,ARV,110-ZM-T01,20-Apr-07,MIssing,Adult,60,0.59,SCMS from RDC,N/A - From RDC,239
1638,ASN-1746,Determine,Mozambique,04-Jul-08,04-Jul-08,MIssing,Test kit,Yes,5298.9,Direct Drop,"HIV 1/2, Determine HIV Kit, without Lancets, 100 Tests",345.55,3000,215970.0,PMO - US,Inverness Japan,"HIV 1/2, Determine HIV Kit, without Lancets",71.99,2/27/08,SCMS-18340,Pre-PQ Process,Pre-PQ Process,HRDT,111-MZ-T01,09-Jul-08,Air,HIV test,100,0.72,"Orgenics, Ltd",EXW,682
12083,DN-229,Capillus,Tanzania,13-Jul-07,13-Jul-07,MIssing,Test kit,Yes,1547,From RDC,"HIV 1/2, Capillus HIV Kit, 100 Tests",93.85,422,58658.0,PMO - US,"Trinity Biotech, Plc","HIV 1/2, Capillus HIV Kit",139.0,N/A - From RDC,SO-747,Pre-PQ Process,Pre-PQ Process,HRDT,109-TZ-T01,13-Jul-07,Air,HIV test,100,1.39,SCMS from RDC,N/A - From RDC,3093
305,ASN-1269,Generic,Nigeria,05-Feb-08,05-Feb-08,MIssing,Test kit - Ancillary,Yes,Invoiced Separately,Direct Drop,"HIV, Lancet, Safety, for HIV Test kits, 100 Pcs",0.01,650,6.5,PMO - US,Inverness Japan,"HIV, Lancet, Safety, for HIV Test kits, 100 Pcs",0.01,Date Not Captured,SCMS-15550,Pre-PQ Process,Pre-PQ Process,HRDT,123-NG-T01,05-Feb-08,Air,HIV test - Ancillary,100,0.0,"Orgenics, Ltd",EXW,Weight Captured Separately
11373,DN-54,Generic,CÃte dIvoire,04-May-07,04-May-07,600mg,Tablet,Yes,1931,From RDC,"Efavirenz 600mg, tablets, 30 Tabs",MIssing,4500,73125.0,PMO - US,"Aurobindo Unit III, India",Efavirenz,16.25,N/A - From RDC,SO-397,Pre-PQ Process,Pre-PQ Process,ARV,100-CI-T01,04-May-07,MIssing,Adult,30,0.54,SCMS from RDC,N/A - From RDC,410
11276,DN-997,Generic,Haiti,17-Nov-08,17-Nov-08,10mg/ml,Oral solution,Yes,43704.8,From RDC,"Zidovudine 10mg/ml, oral solution, Bottle, 240 ml",41.16,10000,21000.0,PMO - US,"Aurobindo Unit III, India",Zidovudine,2.1,N/A - From RDC,SO-15940,Pre-PQ Process,Pre-PQ Process,ARV,106-HT-T01,17-Nov-08,Air,Pediatric,240,0.01,SCMS from RDC,N/A - From RDC,3720
13311,ASN-14110,Determine,CÃte dIvoire,29-Mar-12,29-Mar-12,MIssing,Test kit,Yes,18919.56,Direct Drop,"HIV 1/2, Determine Complete HIV Kit, 100 Tests",224.32,2000,160000.0,PMO - US,"Alere Medical Co., Ltd.","HIV 1/2, Determine Complete HIV Kit",80.0,1/17/12,SCMS-131880,FPQ-8929,12-08-11,HRDT,104-CI-T30,29-Mar-12,Air,HIV test,100,0.8,"Orgenics, Ltd",EXW,957
8465,ASN-2293,Stocrin/Sustiva,South Africa,08-May-08,08-May-08,50mg,Capsule,No,Freight Included in Commodity Cost,Direct Drop,"Efavirenz 50mg [Stocrin/Sustiva], capsule, 30 Caps",1.15,240,717.6,PMO - US,"MSD Midrand, Jburg, SA",Efavirenz,2.99,Date Not Captured,SCMS-23500,Pre-PQ Process,Pre-PQ Process,ARV,116-ZA-T01,20-Aug-08,Truck,Pediatric,30,0.1,S. BUYS WHOLESALER,DDP,Weight Captured Separately
68,ASN-285,Videx,Zimbabwe,19-Mar-07,19-Mar-07,200mg,Tablet,Yes,Freight Included in Commodity Cost,Direct Drop,"#102198**Didanosine 200mg [Videx], tablets, 60 Tabs",MIssing,579,14764.5,PMO - US,"BMS Meymac, France",Didanosine,25.5,01-10-07,SCMS-308,Pre-PQ Process,Pre-PQ Process,ARV,113-ZW-T01,19-Mar-07,Air,Pediatric,60,0.42,BRISTOL-MYERS SQUIBB,CIP,Weight Captured Separately
5532,ASN-1198,Determine,Rwanda,28-Jan-08,28-Jan-08,MIssing,Test kit,Yes,9479.89,Direct Drop,"HIV 1/2, Determine HIV Kit, without Lancets, 100 Tests",172.78,1500,107985.0,PMO - US,Inverness Japan,"HIV 1/2, Determine HIV Kit, without Lancets",71.99,12-10-07,SCMS-14630,Pre-PQ Process,Pre-PQ Process,HRDT,107-RW-T01,31-Jan-08,Air,HIV test,100,0.72,"Orgenics, Ltd",EXW,340
8470,ASN-1821,Capillus,Haiti,06-Jun-08,06-Jun-08,MIssing,Test kit,Yes,1808.19,Direct Drop,"HIV 1/2, Capillus HIV Kit, 100 Tests",0.89,4,556.0,PMO - US,"Trinity Biotech, Plc","HIV 1/2, Capillus HIV Kit",139.0,5/13/08,SCMS-23580,Pre-PQ Process,Pre-PQ Process,HRDT,125-HT-T01,06-Jun-08,Air,HIV test,100,1.39,"Trinity Biotech, Plc",EXW,3
11837,DN-535,Generic,Nigeria,09-Jan-08,09-Jan-08,600mg,Tablet,No,See DN-535 (ID#:10658),From RDC,"Efavirenz 600mg, tablets, 30 Tabs",16.26,818,10159.56,PMO - US,"Aurobindo Unit III, India",Efavirenz,12.42,N/A - From RDC,SO-1570,Pre-PQ Process,Pre-PQ Process,ARV,112-NG-T01,09-Jan-08,Air,Adult,30,0.41,SCMS from RDC,N/A - From RDC,See DN-535 (ID#:10658)
12015,DN-1471,Generic,Ethiopia,06-Oct-09,06-Oct-09,150mg,Tablet,Yes,4311.22,From RDC,"Lamivudine 150mg, tablets, 60 Tabs",21.52,4500,10980.0,PMO - US,Mylan (formerly Matrix) Nashik,Lamivudine,2.44,N/A - From RDC,SO-33630,Pre-PQ Process,Date Not Captured,ARV,117-ET-T01,06-Oct-09,Air,Adult,60,0.04,SCMS from RDC,N/A - From RDC,658
5037,ASN-3610,Generic,South Africa,02-Feb-09,02-Feb-09,600mg,Tablet,Yes,Freight Included in Commodity Cost,Direct Drop,"Efavirenz 600mg, tablets, 30 Tabs",97.63,3414,49810.26,PMO - US,"Cipla, Goa, India",Efavirenz,14.59,Date Not Captured,SCMS-40880,Pre-PQ Process,Pre-PQ Process,ARV,116-ZA-T01,07-Jul-09,Air,Adult,30,0.49,S. BUYS WHOLESALER,DDP,Weight Captured Separately
10824,DN-75,Generic,CÃte dIvoire,30-Apr-07,30-Apr-07,150/300mg,Tablet - FDC,Yes,2457,From RDC,"Lamivudine/Zidovudine 150/300mg, tablets, 60 Tabs",MIssing,6945,71186.25,PMO - US,"Aurobindo Unit III, India",Lamivudine/Zidovudine,10.25,N/A - From RDC,SO-430,Pre-PQ Process,Pre-PQ Process,ARV,100-CI-T01,30-Apr-07,MIssing,Adult,60,0.17,SCMS from RDC,N/A - From RDC,650
11283,DN-897,Generic,Nigeria,10-Sep-08,10-Sep-08,600mg,Tablet,No,See DN-897 (ID#:10722),From RDC,"Efavirenz 600mg, tablets, 30 Tabs",225.02,12000,140640.0,PMO - US,"Aurobindo Unit III, India",Efavirenz,11.72,N/A - From RDC,SO-10820,Pre-PQ Process,Pre-PQ Process,ARV,131-NG-T01,10-Sep-08,Air,Adult,30,0.39,SCMS from RDC,N/A - From RDC,See DN-897 (ID#:10722)
12663,DN-234,Capillus,Tanzania,13-Jul-07,13-Jul-07,MIssing,Test kit,Yes,4458,From RDC,"HIV 1/2, Capillus HIV Kit, 100 Tests",444.8,2000,278000.0,PMO - US,"Trinity Biotech, Plc","HIV 1/2, Capillus HIV Kit",139.0,N/A - From RDC,SO-758,Pre-PQ Process,Pre-PQ Process,HRDT,109-TZ-T01,13-Jul-07,Air,HIV test,100,1.39,SCMS from RDC,N/A - From RDC,1415
10727,DN-909,Generic,Nigeria,22-Sep-08,22-Sep-08,200mg,Tablet,Yes,3487.94,From RDC,"Nevirapine 200mg, tablets, 60 Tabs",11.24,2066,7024.4,PMO - US,"Aurobindo Unit III, India",Nevirapine,3.4,N/A - From RDC,SO-10580,Pre-PQ Process,Pre-PQ Process,ARV,130-NG-T01,22-Sep-08,Air,Adult,60,0.06,SCMS from RDC,N/A - From RDC,451
12826,DN-1004,Generic,Pakistan,17-Nov-08,17-Nov-08,MIssing,Test kit - Ancillary,No,See DN-1004 (ID#:11280),From RDC,"HIV, Lancet, Safety, for HIV Test kits, 100 Pcs",0,12,0.12,PMO - US,Inverness Japan,"HIV, Lancet, Safety, for HIV Test kits, 100 Pcs",0.01,N/A - From RDC,SO-14930,Pre-PQ Process,Pre-PQ Process,HRDT,100-PK-T01,17-Nov-08,Air,HIV test - Ancillary,100,0.0,SCMS from RDC,N/A - From RDC,See DN-1004 (ID#:11280)
12272,DN-1177,Generic,Mozambique,15-May-09,15-May-09,30mg,Capsule,Yes,1217.37,From RDC,"Stavudine 30mg, capsules, 60 Caps",1.91,630,976.5,PMO - US,"Aurobindo Unit III, India",Stavudine,1.55,N/A - From RDC,SO-27430,Pre-PQ Process,Pre-PQ Process,ARV,111-MZ-T01,15-May-09,Air,Adult,60,0.03,SCMS from RDC,N/A - From RDC,42
11475,DN-401,Generic,Zimbabwe,25-Nov-07,25-Nov-07,150/200/30mg,Tablet - FDC,No,See DN-401 (ID#:11474),From RDC,"Lamivudine/Nevirapine/Stavudine 150/200/30mg, tablets, 60 Tabs",177.6,15000,111000.0,PMO - US,"Cipla, Goa, India",Lamivudine/Nevirapine/Stavudine,7.4,N/A - From RDC,SO-706,Pre-PQ Process,Pre-PQ Process,ARV,100-ZW-T01,25-Nov-07,Air,Adult,60,0.12,SCMS from RDC,N/A - From RDC,See DN-401 (ID#:11474)
11832,DN-488,Generic,Zimbabwe,14-Jan-08,14-Jan-08,150/200/30mg,Tablet - FDC,No,See DN-488 (ID#:10652),From RDC,"Lamivudine/Nevirapine/Stavudine 150/200/30mg, tablets, 60 Tabs",411.23,34732,257016.8,PMO - US,"Cipla, Goa, India",Lamivudine/Nevirapine/Stavudine,7.4,N/A - From RDC,SO-710,Pre-PQ Process,Pre-PQ Process,ARV,100-ZW-T01,14-Jan-08,Air,Adult,60,0.12,SCMS from RDC,N/A - From RDC,See DN-488 (ID#:10652)
11969,DN-1231,Generic,Mozambique,28-Jun-09,28-Jun-09,30mg,Capsule,No,See DN-1231 (ID#:11044),From RDC,"Stavudine 30mg, capsules, 60 Caps",1.84,630,938.7,PMO - US,"Strides, Bangalore, India.",Stavudine,1.49,N/A - From RDC,SO-30440,Pre-PQ Process,Pre-PQ Process,ARV,111-MZ-T01,28-Jun-09,Truck,Adult,60,0.02,SCMS from RDC,N/A - From RDC,See DN-1231 (ID#:11044)
3080,ASN-1664,Stocrin/Sustiva,South Africa,29-Feb-08,29-Feb-08,200mg,Capsule,Yes,Freight Included in Commodity Cost,Direct Drop,"Efavirenz 200mg [Stocrin/Sustiva], capsule, 90 Caps",0.9,20,563.0,PMO - US,"MSD Midrand, Jburg, SA",Efavirenz,28.15,2/20/08,SCMS-19800,Pre-PQ Process,Pre-PQ Process,ARV,116-ZA-T01,24-Apr-08,Truck,Pediatric,90,0.31,S. BUYS WHOLESALER,DDP,Weight Captured Separately
10671,DN-597,Determine,Mozambique,29-Feb-08,29-Feb-08,MIssing,Test kit,Yes,519.71,From RDC,"HIV 1/2, Determine HIV Kit, without Lancets, 100 Tests",495.29,4300,309557.0,PMO - US,Inverness Japan,"HIV 1/2, Determine HIV Kit, without Lancets",71.99,N/A - From RDC,SO-1063,Pre-PQ Process,Pre-PQ Process,HRDT,111-MZ-T01,29-Feb-08,Air,HIV test,100,0.72,SCMS from RDC,N/A - From RDC,1017
12817,DN-1047,Generic,CÃte dIvoire,19-Jan-09,19-Jan-09,200mg,Tablet,No,See DN-1047 (ID#:12215),From RDC,"Nevirapine 200mg, tablets, 60 Tabs",25.72,4100,13120.0,PMO - US,"Aurobindo Unit III, India",Nevirapine,3.2,N/A - From RDC,SO-16210,Pre-PQ Process,Pre-PQ Process,ARV,104-CI-T01,19-Jan-09,Air,Adult,60,0.05,SCMS from RDC,N/A - From RDC,See DN-1047 (ID#:12215)
2892,ASN-1483,Videx EC,Uganda,31-Mar-08,31-Mar-08,400mg,Delayed-release capsules - blister,Yes,Freight Included in Commodity Cost,Direct Drop,"Didanosine EC 400mg [Videx EC], delayed-release capsules, Blister 3 x 10 Caps",5.3,140,3313.8,PMO - US,"BMS Meymac, France",Didanosine EC,23.67,10-03-07,SCMS-13510,Pre-PQ Process,Pre-PQ Process,ARV,114-UG-T01,31-Mar-08,Air,Adult,30,0.79,BRISTOL-MYERS SQUIBB,CIP,6
11015,DN-1058,Truvada,Nigeria,19-Jan-09,19-Jan-09,300/200mg,Tablet - FDC,Yes,21895.01,From RDC,"Emtricitabine/Tenofovir Disoproxil Fumarate 200/300mg [Truvada], tablets, 30 Tabs",633.04,12304,322980.0,PMO - US,"Aspen-OSD, Port Elizabeth, SA",Emtricitabine/Tenofovir Disoproxil Fumarate,26.25,N/A - From RDC,SO-19060,Pre-PQ Process,Pre-PQ Process,ARV,123-NG-T01,19-Jan-09,Air,Adult,30,0.88,SCMS from RDC,N/A - From RDC,5197
1111,ASN-4402,Kaletra,South Africa,21-Apr-09,21-Apr-09,80/20mg/ml,Oral solution,Yes,Freight Included in Commodity Cost,Direct Drop,"Lopinavir/Ritonavir 80/20mg/ml [Kaletra], oral solution, cool, Bottle 5 x 60 ml",2.12,30,1080.0,PMO - US,ABBVIE (Abbott) Logis. UK,Lopinavir/Ritonavir,36.0,04-02-09,SCMS-47390,Pre-PQ Process,Pre-PQ Process,ARV,116-ZA-T01,31-Jul-09,Truck,Pediatric,300,0.12,S. BUYS WHOLESALER,DDP,Weight Captured Separately
7868,ASN-4696,Invirase,Tanzania,25-Sep-09,25-Sep-09,200mg,Capsule,Yes,16751.58,Direct Drop,"Saquinavir 200mg [Invirase], capsules, 270 Caps",904.42,5178,461436.41,PMO - US,Roche Basel,Saquinavir,89.11,5/28/09,SCMS-46510,Pre-PQ Process,Pre-PQ Process,ARV,109-TZ-T01,25-Sep-09,Air,Adult,270,0.33,Hoffmann-La Roche ltd Basel,FCA,2666
12159,DN-583,Generic,Namibia,13-Feb-08,13-Feb-08,600mg,Tablet,Yes,3016.95,From RDC,"Efavirenz 600mg, tablets, 30 Tabs",365.1,19000,228190.0,PMO - US,"Aurobindo Unit III, India",Efavirenz,12.01,N/A - From RDC,SO-1676,Pre-PQ Process,Pre-PQ Process,ARV,119-NA-T01,13-Feb-08,Air,Adult,30,0.4,SCMS from RDC,N/A - From RDC,1485
12025,DN-16,Generic,CÃte dIvoire,22-Feb-07,22-Feb-07,600mg,Tablet,No,See DN-16 (ID#:10540),From RDC,"Efavirenz 600mg, tablets, 30 Tabs",MIssing,495,8043.75,PMO - US,"Aurobindo Unit III, India",Efavirenz,16.25,N/A - From RDC,SO-283,Pre-PQ Process,Pre-PQ Process,ARV,100-CI-T01,22-Feb-07,MIssing,Adult,30,0.54,SCMS from RDC,N/A - From RDC,See DN-16 (ID#:10540)
7421,ASN-2718,Clearview,Namibia,28-Oct-08,28-Oct-08,MIssing,Test kit,Yes,85.27,Direct Drop,"HIV 1/2, Clearview Complete Kit, 25 Tests",1.03,7,525.0,PMO - US,Inverness USA,"HIV 1/2, Clearview Complete Kit",75.0,9/24/08,SCMS-31190,Pre-PQ Process,Pre-PQ Process,HRDT,119-NA-T01,28-Oct-08,Air,HIV test,25,3.0,"Orgenics, Ltd",CIP,3
2503,ASN-4099,Uni-Gold,Kenya,18-Jun-09,18-Jun-09,MIssing,Test kit,Yes,275,Direct Drop,"HIV 1/2, Uni-Gold HIV Kit, 20 Tests",313.29,4995,159840.0,PMO - US,"Trinity Biotech, Plc","HIV 1/2, Uni-Gold HIV Kit",32.0,04-04-09,SCMS-42970,Pre-PQ Process,Pre-PQ Process,HRDT,102-KE-T01,18-Jun-09,Air,HIV test,20,1.6,"Trinity Biotech, Plc",EXW,4995
3769,ASN-4339,Aluvia,South Africa,09-Apr-09,09-Apr-09,200/50mg,Tablet,Yes,Freight Included in Commodity Cost,Direct Drop,"Lopinavir/Ritonavir 200/50mg [Aluvia], tablets, 120 Tabs",97.08,1400,49532.0,PMO - US,ABBVIE Ludwigshafen Germany,Lopinavir/Ritonavir,35.38,3/27/09,SCMS-41583,Pre-PQ Process,Pre-PQ Process,ARV,116-ZA-T01,25-Jun-09,Air,Adult,120,0.29,S. BUYS WHOLESALER,DDP,Weight Captured Separately
11706,DN-42,Determine,Guyana,08-Mar-07,08-Mar-07,MIssing,Test kit,Yes,6012,From RDC,"HIV 1/2, Determine Complete HIV Kit, 100 Tests",MIssing,210,16800.0,PMO - US,ABBVIE GmbH & Co.KG Wiesbaden,"HIV 1/2, Determine Complete HIV Kit",80.0,N/A - From RDC,SO-387,Pre-PQ Process,Pre-PQ Process,HRDT,102-GY-T01,08-Mar-07,Air,HIV test,100,0.8,SCMS from RDC,N/A - From RDC,60
12739,DN-434,Generic,CÃte dIvoire,22-Nov-07,22-Nov-07,20mg/ml,Oral solution,No,See DN-434 (ID#:11483),From RDC,"Abacavir 20mg/ml, oral solution, Bottle, 240 ml",3.84,96,2400.0,PMO - US,"Aurobindo Unit III, India",Abacavir,25.0,N/A - From RDC,SO-1101,Pre-PQ Process,Pre-PQ Process,ARV,104-CI-T01,22-Nov-07,Air,Pediatric,240,0.1,SCMS from RDC,N/A - From RDC,See DN-434 (ID#:11483)
8989,ASN-3852,Generic,Rwanda,21-Apr-09,21-Apr-09,150/300mg,Tablet - FDC,Yes,853.87,Direct Drop,"Lamivudine/Zidovudine 150/300mg, tablets, 60 Tabs",405.8,22752,207043.2,PMO - US,"Cipla, Goa, India",Lamivudine/Zidovudine,9.1,10/21/08,SCMS-30311,Pre-PQ Process,Pre-PQ Process,ARV,107-RW-T01,21-Apr-09,Air,Adult,60,0.15,CIPLA LIMITED,CIP,2086
12033,DN-121,Generic,Mozambique,18-May-07,18-May-07,300mg,Tablet,No,See DN-121 (ID#:10814),From RDC,"Abacavir 300mg, tablets, 60 Tabs",MIssing,566,20262.8,PMO - US,"Aurobindo Unit III, India",Abacavir,35.8,N/A - From RDC,SO-497,Pre-PQ Process,Pre-PQ Process,ARV,111-MZ-T01,18-May-07,Air,Adult,60,0.6,SCMS from RDC,N/A - From RDC,See DN-121 (ID#:10814)
2173,ASN-3110,Clearview,Namibia,27-Jan-09,27-Jan-09,MIssing,Test kit,Yes,963.34,Direct Drop,"HIV 1/2, Clearview Complete Kit, 25 Tests",0.44,3,225.0,PMO - US,Inverness USA,"HIV 1/2, Clearview Complete Kit",75.0,11/20/08,SCMS-33850,Pre-PQ Process,Pre-PQ Process,HRDT,141-NA-T01,27-Jan-09,Air,HIV test,25,3.0,INVERNESS MEDICAL INNOVATIONS SOUTH AFRICA (PTY) LTD,EXW,3
10877,DN-330,Generic,CÃte dIvoire,04-Sep-07,04-Sep-07,150/300mg,Tablet - FDC,No,See DN-330 (ID#:10612),From RDC,"Lamivudine/Zidovudine 150/300mg, tablets, 60 Tabs",170.88,10000,106800.0,PMO - US,"Aurobindo Unit III, India",Lamivudine/Zidovudine,10.68,N/A - From RDC,SO-843,Pre-PQ Process,Pre-PQ Process,ARV,104-CI-T01,04-Sep-07,MIssing,Adult,60,0.18,SCMS from RDC,N/A - From RDC,See DN-330 (ID#:10612)
12851,DN-1152,Generic,CÃte dIvoire,30-Apr-09,30-Apr-09,300mg,Tablet,No,See DN-1152 (ID#:11010),From RDC,"Tenofovir Disoproxil Fumarate 300mg, tablets, 30 Tabs",57.26,2200,29216.0,PMO - US,Mylan (formerly Matrix) Nashik,Tenofovir Disoproxil Fumarate,13.28,N/A - From RDC,SO-21880,Pre-PQ Process,Pre-PQ Process,ARV,104-CI-T01,30-Apr-09,Air,Adult,30,0.44,SCMS from RDC,N/A - From RDC,See DN-1152 (ID#:11010)
11897,DN-650,Determine,Namibia,17-Apr-08,17-Apr-08,MIssing,Test kit,Yes,1730.41,From RDC,"HIV 1/2, Determine HIV Kit, without Lancets, 100 Tests",10.37,90,6479.1,PMO - US,Inverness Japan,"HIV 1/2, Determine HIV Kit, without Lancets",71.99,N/A - From RDC,SO-1929,Pre-PQ Process,Pre-PQ Process,HRDT,119-NA-T01,17-Apr-08,Air,HIV test,100,0.72,SCMS from RDC,N/A - From RDC,21
11521,DN-479,Generic,Zimbabwe,05-Feb-08,05-Feb-08,150/200/30mg,Tablet - FDC,No,See DN-479 (ID#:10647),From RDC,"Lamivudine/Nevirapine/Stavudine 150/200/30mg, tablets, 60 Tabs",440.92,37240,275576.0,PMO - US,"Cipla, Goa, India",Lamivudine/Nevirapine/Stavudine,7.4,N/A - From RDC,SO-708,Pre-PQ Process,Pre-PQ Process,ARV,100-ZW-T01,05-Feb-08,Air,Adult,60,0.12,SCMS from RDC,N/A - From RDC,See DN-479 (ID#:10647)
11047,DN-1239,Generic,Zambia,08-Jun-09,08-Jun-09,600mg,Tablet,Yes,15922.67,From RDC,"Efavirenz 600mg, tablets, 30 Tabs",2156,100000,1100000.0,PMO - US,Hetero Unit III Hyderabad IN,Efavirenz,11.0,N/A - From RDC,SO-17620,Pre-PQ Process,Pre-PQ Process,ARV,110-ZM-T01,08-Jun-09,Truck,Adult,30,0.37,SCMS from RDC,N/A - From RDC,7735
10438,ASN-4446,Generic,Vietnam,03-Aug-09,03-Aug-09,600mg,Tablet,Yes,5761.87,Direct Drop,"Efavirenz 600mg, tablets, 30 Tabs",286.8,22512,146328.0,PMO - US,Mylan (formerly Matrix) Nashik,Efavirenz,6.5,4/29/09,SCMS-45050,Pre-PQ Process,Pre-PQ Process,ARV,108-VN-T01,03-Aug-09,Air,Adult,30,0.22,MYLAN LABORATORIES LTD (FORMERLY MATRIX LABORATORIES),EXW,1775
11040,DN-1213,Generic,Guyana,12-May-09,12-May-09,300mg,Tablet,Yes,1047.24,From RDC,"Zidovudine 300mg, tablets, 60 Tabs",7.39,489,3770.19,PMO - US,"Aurobindo Unit III, India",Zidovudine,7.71,N/A - From RDC,SO-25160,Pre-PQ Process,Pre-PQ Process,ARV,105-GY-T01,12-May-09,Air,Adult,60,0.13,SCMS from RDC,N/A - From RDC,28
1300,ASN-242,Generic,Rwanda,27-Feb-07,27-Feb-07,300mg,Tablet,No,See ASN-242 (ID#:64),Direct Drop,"Abacavir 300mg, tablets, 60 Tabs",MIssing,5605,202340.5,PMO - US,"Cipla, Patalganga, India",Abacavir,36.1,12/22/06,SCMS-268,Pre-PQ Process,Pre-PQ Process,ARV,107-RW-T01,27-Feb-07,Air,Adult,60,0.6,CIPLA LIMITED,EXW,See ASN-242 (ID#:64)
12373,DN-268,Generic,CÃte dIvoire,14-Aug-07,14-Aug-07,600mg,Tablet,No,See DN-268 (ID#:12074),From RDC,"Efavirenz 600mg, tablets, 30 Tabs",139.03,5344,86893.44,PMO - US,"Aurobindo Unit III, India",Efavirenz,16.26,N/A - From RDC,SO-524,Pre-PQ Process,Pre-PQ Process,ARV,104-CI-T01,14-Aug-07,MIssing,Adult,30,0.54,SCMS from RDC,N/A - From RDC,See DN-268 (ID#:12074)
9100,ASN-4100,Determine,Nigeria,08-Jun-09,08-Jun-09,MIssing,Test kit,Yes,7120,Direct Drop,"HIV 1/2, Determine Complete HIV Kit, 100 Tests",235.2,1500,120000.0,PMO - US,Inverness Japan,"HIV 1/2, Determine Complete HIV Kit",80.0,04-09-09,SCMS-43320,Pre-PQ Process,Pre-PQ Process,HRDT,133-NG-T01,24-Jun-09,Air,HIV test,100,0.8,"Orgenics, Ltd",EXW,445
2014,ASN-2503,Viread,South Africa,14-Aug-08,14-Aug-08,300mg,Tablet,Yes,Freight Included in Commodity Cost,Direct Drop,"Tenofovir Disoproxil Fumarate 300mg [Viread], tablets, 30 Tabs",11.33,300,7080.0,PMO - US,"Aspen-OSD, Port Elizabeth, SA",Tenofovir Disoproxil Fumarate,23.6,Date Not Captured,SCMS-28830,Pre-PQ Process,Pre-PQ Process,ARV,116-ZA-T01,25-Aug-08,Truck,Adult,30,0.79,S. BUYS WHOLESALER,DDP,Weight Captured Separately
12814,DN-977,Generic,Zambia,07-Nov-08,07-Nov-08,150/300mg,Tablet - FDC,Yes,2938.92,From RDC,"Lamivudine/Zidovudine 150/300mg, tablets, 60 Tabs",926.1,50000,472500.0,PMO - US,"Aurobindo Unit III, India",Lamivudine/Zidovudine,9.45,N/A - From RDC,SO-2487,Pre-PQ Process,Pre-PQ Process,ARV,110-ZM-T01,07-Nov-08,Truck,Adult,60,0.16,SCMS from RDC,N/A - From RDC,4585
10565,DN-148,Invirase,Mozambique,13-Jun-07,13-Jun-07,200mg,Capsule,No,See DN-148 (ID#:10564),From RDC,"Saquinavir 200mg [Invirase], capsules, 270 Caps",MIssing,421,32118.09,PMO - US,Roche Basel,Saquinavir,76.29,N/A - From RDC,SO-576,Pre-PQ Process,Pre-PQ Process,ARV,111-MZ-T01,13-Jun-07,Air,Adult,270,0.28,SCMS from RDC,N/A - From RDC,See DN-148 (ID#:10564)
12553,DN-1060,Generic,Ethiopia,18-Feb-09,18-Feb-09,300mg,Tablet,No,See DN-1060 (ID#:11618),From RDC,"Tenofovir Disoproxil Fumarate 300mg, tablets, 30 Tabs",80.69,3100,41168.0,PMO - US,Mylan (formerly Matrix) Nashik,Tenofovir Disoproxil Fumarate,13.28,N/A - From RDC,SO-22000,Pre-PQ Process,Pre-PQ Process,ARV,117-ET-T01,18-Feb-09,Air,Adult,30,0.44,SCMS from RDC,N/A - From RDC,See DN-1060 (ID#:11618)
8231,ASN-2759,Capillus,Haiti,11-Nov-08,11-Nov-08,MIssing,Test kit,Yes,523.12,Direct Drop,"HIV 1/2, Capillus HIV Kit, 100 Tests",0.54,2,278.0,PMO - US,"Trinity Biotech, Plc","HIV 1/2, Capillus HIV Kit",139.0,01-05-08,SCMS-15470,Pre-PQ Process,Pre-PQ Process,HRDT,100-HT-T01,11-Nov-08,Air,HIV test,100,1.39,"Trinity Biotech, Plc",EXW,4
9042,ASN-3732,Viramune,South Africa,21-Jan-09,21-Jan-09,10mg/ml,Oral suspension,No,Freight Included in Commodity Cost,Direct Drop,"Nevirapine 10mg/ml [Viramune], oral suspension, Bottle, 240 ml",0.63,30,323.4,PMO - US,"BI, Ingelheim, Germany",Nevirapine,10.78,Date Not Captured,SCMS-41190,Pre-PQ Process,Pre-PQ Process,ARV,116-ZA-T01,30-Mar-09,Air,Pediatric,240,0.04,S. BUYS WHOLESALER,DDP,Weight Captured Separately
5551,ASN-1403,Capillus,Haiti,10-Mar-08,10-Mar-08,MIssing,Test kit,Yes,897.52,Direct Drop,"HIV 1/2, Capillus HIV Kit, 100 Tests",0.44,2,278.0,PMO - US,"Trinity Biotech, Plc","HIV 1/2, Capillus HIV Kit",139.0,Date Not Captured,SCMS-15480,Pre-PQ Process,Pre-PQ Process,HRDT,100-HT-T01,10-Mar-08,Air,HIV test,100,1.39,"Trinity Biotech, Plc",EXW,1
343,ASN-1520,Zerit,South Africa,04-Jan-08,04-Jan-08,1mg/ml,Powder for oral solution,Yes,Freight Included in Commodity Cost,Direct Drop,"Stavudine 1mg/ml [Zerit], powder for oral solution, Bottle, 200 ml",0.54,200,340.0,PMO - US,"BMS Meymac, France",Stavudine,1.7,01-04-08,SCMS-16600,Pre-PQ Process,Pre-PQ Process,ARV,116-ZA-T01,21-Jan-08,MIssing,Pediatric,200,0.01,"JSI R&T INSTITUTE, INC.",DDP,Weight Captured Separately
13151,ASN-13217,Determine,Mozambique,30-Nov-11,30-Nov-11,MIssing,Test kit,Yes,Invoiced Separately,Direct Drop,"HIV 1/2, Determine HIV Kit, without Lancets, 100 Tests",0.13,1,77.7,PMO - US,Inverness Japan,"HIV 1/2, Determine HIV Kit, without Lancets",77.7,8/24/11,SCMS-118360,FPQ-8116,08-04-11,HRDT,111-MZ-T30,12-Dec-11,Air,HIV test,100,0.78,"Orgenics, Ltd",EXW,Weight Captured Separately
10686,DN-834,Generic,Nigeria,16-Jul-08,16-Jul-08,600mg,Tablet,Yes,10231.84,From RDC,"Efavirenz 600mg, tablets, 30 Tabs",221.5,11527,138439.27,PMO - US,"Aurobindo Unit III, India",Efavirenz,12.01,N/A - From RDC,SO-2552,Pre-PQ Process,Pre-PQ Process,ARV,123-NG-T01,16-Jul-08,Air,Adult,30,0.4,SCMS from RDC,N/A - From RDC,1994
3055,ASN-1611,Determine,Uganda,22-May-08,22-May-08,MIssing,Test kit,Yes,2642.45,Direct Drop,"HIV 1/2, Determine HIV Kit, without Lancets, 100 Tests",97.91,850,61191.5,PMO - US,Inverness Japan,"HIV 1/2, Determine HIV Kit, without Lancets",71.99,03-11-08,SCMS-18750,Pre-PQ Process,Pre-PQ Process,HRDT,114-UG-T01,22-May-08,Air,HIV test,100,0.72,"Orgenics, Ltd",EXW,194
11636,DN-1221,Generic,Haiti,22-May-09,22-May-09,30mg,Capsule,Yes,23441.88,From RDC,"Stavudine 30mg, capsules, 60 Caps",14.19,4860,7241.4,PMO - US,"Aurobindo Unit III, India",Stavudine,1.49,N/A - From RDC,SO-24840,Pre-PQ Process,Pre-PQ Process,ARV,106-HT-T01,22-May-09,Air,Adult,60,0.02,SCMS from RDC,N/A - From RDC,2034
12915,DN-1437,Generic,Nigeria,20-Oct-09,20-Oct-09,150/300/200mg,Tablet - FDC,Yes,9341.49,From RDC,"Lamivudine/Nevirapine/Zidovudine 150/200/300mg, tablets, 60 Tabs",67.05,3001,34211.4,PMO - US,"Aurobindo Unit III, India",Lamivudine/Nevirapine/Zidovudine,11.4,N/A - From RDC,SO-33336,Pre-PQ Process,Date Not Captured,ARV,151-NG-T01,20-Oct-09,Air Charter,Adult,60,0.19,SCMS from RDC,N/A - From RDC,338
11787,DN-355,Generic,Zimbabwe,20-Sep-07,20-Sep-07,600mg,Tablet,Yes,13788.25,From RDC,"Efavirenz 600mg, tablets, 30 Tabs",36.96,1860,23101.2,PMO - US,"Cipla, Goa, India",Efavirenz,12.42,N/A - From RDC,SO-705,Pre-PQ Process,Pre-PQ Process,ARV,100-ZW-T01,20-Sep-07,Truck,Adult,30,0.41,SCMS from RDC,N/A - From RDC,3951
10904,DN-426,Generic,Mozambique,29-Nov-07,29-Nov-07,1mg/ml,Oral solution,No,See DN-426 (ID#:10633),From RDC,"Stavudine 1mg/ml, powder for oral solution, 200 ml",1.12,500,700.0,PMO - US,"Aurobindo Unit III, India",Stavudine,1.4,N/A - From RDC,SO-1038,Pre-PQ Process,Pre-PQ Process,ARV,111-MZ-T01,29-Nov-07,Air,Pediatric,200,0.01,SCMS from RDC,N/A - From RDC,See DN-426 (ID#:10633)
2923,ASN-1251,Truvada,South Africa,29-Jan-08,29-Jan-08,300/200mg,Tablet - FDC,No,Freight Included in Commodity Cost,Direct Drop,"Emtricitabine/Tenofovir Disoproxil Fumarate 200/300mg [Truvada], tablets, 30 Tabs",0.71,10,443.0,PMO - US,"Aspen-OSD, Port Elizabeth, SA",Emtricitabine/Tenofovir Disoproxil Fumarate,44.3,11-12-07,SCMS-14050,Pre-PQ Process,Pre-PQ Process,ARV,116-ZA-T01,29-Jan-08,MIssing,Adult,30,1.48,"JSI R&T INSTITUTE, INC.",DDP,Weight Captured Separately
2656,ASN-55,Generic,Vietnam,11-Aug-06,11-Aug-06,200mg,Tablet,No,See ASN-55 (ID#:16),Direct Drop,"Nevirapine 200mg, tablets, 60 Tabs",MIssing,35000,152250.0,PMO - US,"Aurobindo Unit III, India",Nevirapine,4.35,Date Not Captured,SCMS-81,Pre-PQ Process,Pre-PQ Process,ARV,108-VN-T01,11-Aug-06,Air,Adult,60,0.07,Aurobindo Pharma Limited,EXW,See ASN-55 (ID#:16)
11626,DN-961,Generic,Rwanda,28-Oct-08,28-Oct-08,200mg,Tablet,Yes,896.26,From RDC,"Nevirapine 200mg, tablets, 60 Tabs",1.81,288,921.6,PMO - US,"Aurobindo Unit III, India",Nevirapine,3.2,N/A - From RDC,SO-17230,Pre-PQ Process,Pre-PQ Process,ARV,107-RW-T01,28-Oct-08,Truck,Adult,60,0.05,SCMS from RDC,N/A - From RDC,28
12479,DN-717,Generic,Nigeria,18-Apr-08,18-Apr-08,600mg,Tablet,No,See DN-717 (ID#:11858),From RDC,"Efavirenz 600mg, tablets, 30 Tabs",59.13,3077,36954.77,PMO - US,"Aurobindo Unit III, India",Efavirenz,12.01,N/A - From RDC,SO-2351,Pre-PQ Process,Pre-PQ Process,ARV,112-NG-T01,18-Apr-08,Air,Adult,30,0.4,SCMS from RDC,N/A - From RDC,See DN-717 (ID#:11858)
11020,DN-1018,Generic,Haiti,10-Dec-08,10-Dec-08,150mg,Tablet,Yes,5866.29,From RDC,"Lamivudine 150mg, tablets, 60 Tabs",46.2,8100,23571.0,PMO - US,"Aurobindo Unit III, India",Lamivudine,2.91,N/A - From RDC,SO-2602,Pre-PQ Process,Pre-PQ Process,ARV,106-HT-T01,10-Dec-08,Air,Adult,60,0.05,SCMS from RDC,N/A - From RDC,404
4367,ASN-2023,Generic,Vietnam,07-Jul-08,07-Jul-08,100mg,Chewable/dispersible tablet,No,See ASN-2023 (ID#:3094),Direct Drop,"Didanosine 100mg, chewable/dispersible tablets, 60 Tabs",5.06,408,3162.0,PMO - US,"Aurobindo Unit III, India",Didanosine,7.75,3/31/08,SCMS-20181,Pre-PQ Process,Pre-PQ Process,ARV,108-VN-T01,07-Jul-08,Air,Pediatric,60,0.13,Aurobindo Pharma Limited,EXW,See ASN-2023 (ID#:3094)
4021,ASN-634,Aluvia,Vietnam,10-Sep-07,10-Sep-07,200/50mg,Tablet,Yes,2923.46,Direct Drop,"Lopinavir/Ritonavir 200/50mg [Aluvia], tablets, 120 Tabs",131.5,1000,82190.0,PMO - US,ABBVIE Ludwigshafen Germany,Lopinavir/Ritonavir,82.19,07-04-07,SCMS-762,Pre-PQ Process,Pre-PQ Process,ARV,108-VN-T01,10-Sep-07,Air,Adult,120,0.68,ABBVIE LOGISTICS (FORMERLY ABBOTT LOGISTICS BV),FCA,226
5035,ASN-3634,Viramune,South Africa,02-Dec-08,02-Dec-08,200mg,Tablet,No,Freight Included in Commodity Cost,Direct Drop,"Nevirapine 200mg [Viramune], tablets, 60 Tabs",87.83,2880,44812.8,PMO - US,"Boehringer Ing., Koropi, GR",Nevirapine,15.56,Date Not Captured,SCMS-40810,Pre-PQ Process,Pre-PQ Process,ARV,116-ZA-T01,31-Mar-09,Air,Adult,60,0.26,S. BUYS WHOLESALER,DDP,Weight Captured Separately
10673,DN-821,Generic,Zambia,29-Jul-08,29-Jul-08,150/200/30mg,Tablet - FDC,Yes,5014.65,From RDC,"Lamivudine/Nevirapine/Stavudine 150/200/30mg, tablets, 60 Tabs",576,50000,360000.0,PMO - US,"Strides, Bangalore, India.",Lamivudine/Nevirapine/Stavudine,7.2,N/A - From RDC,SO-2730,Pre-PQ Process,Pre-PQ Process,ARV,110-ZM-T01,29-Jul-08,Truck,Adult,60,0.12,SCMS from RDC,N/A - From RDC,3679
10929,DN-530,Stocrin/Sustiva,Ethiopia,17-Dec-07,17-Dec-07,200mg,Capsule,Yes,1722,From RDC,"Efavirenz 200mg [Stocrin/Sustiva], capsule, 90 Caps",43.32,1692,27072.0,PMO - US,"MSD Manati, Puerto Rico, (USA)",Efavirenz,16.0,N/A - From RDC,SO-1525,Pre-PQ Process,Pre-PQ Process,ARV,117-ET-T01,17-Dec-07,Air,Pediatric,90,0.18,SCMS from RDC,N/A - From RDC,182
10717,DN-1118,Generic,Rwanda,16-Mar-09,16-Mar-09,200mg,Tablet,Yes,5637.82,From RDC,"Nevirapine 200mg, tablets, 60 Tabs",46.57,7425,23760.0,PMO - US,Hetero Unit III Hyderabad IN,Nevirapine,3.2,N/A - From RDC,SO-24630,Pre-PQ Process,Pre-PQ Process,ARV,107-RW-T01,16-Mar-09,Air,Adult,60,0.05,SCMS from RDC,N/A - From RDC,404
5034,ASN-3575,Generic,South Africa,01-Dec-08,01-Dec-08,30mg,Capsule,No,Freight Included in Commodity Cost,Direct Drop,"Stavudine 30mg, capsules, 60 Caps",6.54,1325,3339.0,PMO - US,"Aurobindo Unit III, India",Stavudine,2.52,Date Not Captured,SCMS-40790,Pre-PQ Process,Pre-PQ Process,ARV,116-ZA-T01,24-Mar-09,Air,Adult,60,0.04,S. BUYS WHOLESALER,DDP,Weight Captured Separately
9860,ASN-2487,Epivir,South Africa,14-Jul-08,14-Jul-08,150mg,Tablet,No,Freight Included in Commodity Cost,Direct Drop,"Lamivudine 150mg [Epivir], tablets, 60 Tabs",8.5,1000,5310.0,PMO - US,GSK Cape Town Factory (South Africa),Lamivudine,5.31,Date Not Captured,SCMS-26820,Pre-PQ Process,Pre-PQ Process,ARV,116-ZA-T01,10-Jul-08,Truck,Adult,60,0.09,S. BUYS WHOLESALER,DDP,Weight Captured Separately
12525,DN-1005,Generic,Zambia,01-Dec-08,01-Dec-08,200mg,Tablet,Yes,3629.37,From RDC,"Nevirapine 200mg, tablets, 60 Tabs",333.2,50000,170000.0,PMO - US,Hetero Unit III Hyderabad IN,Nevirapine,3.4,N/A - From RDC,SO-2494,Pre-PQ Process,Pre-PQ Process,ARV,110-ZM-T01,01-Dec-08,Truck,Adult,60,0.06,SCMS from RDC,N/A - From RDC,2809
423,ASN-1665,Zerit,South Africa,24-Apr-08,24-Apr-08,1mg/ml,Powder for oral solution,No,Freight Included in Commodity Cost,Direct Drop,"Stavudine 1mg/ml [Zerit], powder for oral solution, Bottle, 200 ml",1.39,600,870.0,PMO - US,"BMS Meymac, France",Stavudine,1.45,2/20/08,SCMS-19800,Pre-PQ Process,Pre-PQ Process,ARV,116-ZA-T01,24-Apr-08,Truck,Pediatric,200,0.01,S. BUYS WHOLESALER,DDP,Weight Captured Separately
6415,ASN-4304,Generic,South Africa,08-Apr-09,08-Apr-09,10mg/ml,Oral solution,No,Freight Included in Commodity Cost,Direct Drop,"Zidovudine 10mg/ml, oral solution, Bottle, 240 ml",14.21,1200,7248.0,PMO - US,"Aurobindo Unit III, India",Zidovudine,6.04,3/27/09,SCMS-41582,Pre-PQ Process,Pre-PQ Process,ARV,116-ZA-T01,25-Jun-09,Air,Pediatric,240,0.03,S. BUYS WHOLESALER,DDP,Weight Captured Separately
12465,DN-551,Generic,Nigeria,16-Jan-08,16-Jan-08,10mg/ml,Oral solution,No,See DN-551 (ID#:11523),From RDC,"Lamivudine 10mg/ml, oral solution, Bottle, 240 ml",0.02,4,10.36,PMO - US,"Aurobindo Unit III, India",Lamivudine,2.59,N/A - From RDC,SO-1430,Pre-PQ Process,Pre-PQ Process,ARV,112-NG-T01,16-Jan-08,Air,Pediatric,240,0.01,SCMS from RDC,N/A - From RDC,See DN-551 (ID#:11523)
12852,DN-905,Generic,Zambia,23-Sep-08,23-Sep-08,200mg,Tablet,Yes,6269.7,From RDC,"Nevirapine 200mg, tablets, 60 Tabs",51.18,9408,31987.2,PMO - US,"Aurobindo Unit III, India",Nevirapine,3.4,N/A - From RDC,SO-14040,Pre-PQ Process,Pre-PQ Process,ARV,110-ZM-T01,23-Sep-08,Air,Adult,60,0.06,SCMS from RDC,N/A - From RDC,893
9815,ASN-2997,Generic,Zimbabwe,22-Jan-09,22-Jan-09,MIssing,Test kit - Ancillary,No,See ASN-2997 (ID#:5860),Direct Drop,"HIV, Lancet, Safety, for HIV Test kits, 100 Pcs",0.03,1396,13.96,PMO - US,Inverness Japan,"HIV, Lancet, Safety, for HIV Test kits, 100 Pcs",0.01,06-12-08,SCMS-25300,Pre-PQ Process,Pre-PQ Process,HRDT,113-ZW-T01,22-Jan-09,Air,HIV test - Ancillary,100,0.0,"Orgenics, Ltd",EXW,See ASN-2997 (ID#:5860)
12740,DN-438,Generic,Zambia,21-Nov-07,21-Nov-07,150/200/30mg,Tablet - FDC,Yes,7194.3,From RDC,"Lamivudine/Nevirapine/Stavudine 150/200/30mg, tablets, 60 Tabs",224.65,18974,140407.6,PMO - US,"Cipla, Goa, India",Lamivudine/Nevirapine/Stavudine,7.4,N/A - From RDC,SO-1078,Pre-PQ Process,Pre-PQ Process,ARV,110-ZM-T01,21-Nov-07,MIssing,Adult,60,0.12,SCMS from RDC,N/A - From RDC,1928
11395,DN-204,Aluvia,Zambia,20-Jun-07,20-Jun-07,200/50mg,Tablet,Yes,2880.35,From RDC,"Lopinavir/Ritonavir 200/50mg [Aluvia], tablets, 120 Tabs",185.44,2820,115902.0,PMO - US,ABBVIE Ludwigshafen Germany,Lopinavir/Ritonavir,41.1,N/A - From RDC,SO-623,Pre-PQ Process,Pre-PQ Process,ARV,110-ZM-T01,20-Jun-07,MIssing,Adult,120,0.34,SCMS from RDC,N/A - From RDC,614
9952,ASN-2921,Generic,CÃte dIvoire,23-Jan-09,23-Jan-09,50+153mg,Tablet - FDC + co-blister,No,See ASN-2921 (ID#:719),Direct Drop,"Artesunate+Amodiaquine 50+153mg, tablets, co-blister 12+12 Tabs",27.44,20000,14000.0,PMO - US,Ipca Dadra/Nagar Haveli IN,Artesunate+Amodiaquine,0.7,09-03-08,SCMS-29340,Pre-PQ Process,Pre-PQ Process,ACT,104-CI-T01,23-Jan-09,Air,ACT,24,0.03,IDA FOUNDATION,EXW,See ASN-2921 (ID#:719)
4593,ASN-2448,Determine,Zambia,22-Sep-08,22-Sep-08,MIssing,Test kit,No,See ASN-2448 (ID#:1939),Direct Drop,"HIV 1/2, Determine HIV Kit, without Lancets, 100 Tests",345.55,3000,215970.0,PMO - US,Inverness Japan,"HIV 1/2, Determine HIV Kit, without Lancets",71.99,8/21/08,SCMS-27010,Pre-PQ Process,Pre-PQ Process,HRDT,110-ZM-T01,22-Sep-08,Air,HIV test,100,0.72,"Orgenics, Ltd",EXW,See ASN-2448 (ID#:1939)
7260,ASN-2353,Generic,Nigeria,03-Sep-08,03-Sep-08,MIssing,Test kit - Ancillary,Yes,Invoiced Separately,Direct Drop,"HIV, Lancet, Safety, for HIV Test kits, 100 Pcs",0.11,6875,68.75,PMO - US,Inverness Japan,"HIV, Lancet, Safety, for HIV Test kits, 100 Pcs",0.01,8/21/08,SCMS-27070,Pre-PQ Process,Pre-PQ Process,HRDT,133-NG-T01,12-Sep-08,Air,HIV test - Ancillary,100,0.0,"Orgenics, Ltd",EXW,Weight Captured Separately
11302,DN-996,Generic,Uganda,27-Nov-08,27-Nov-08,150/300mg,Tablet - FDC,Yes,3266.38,From RDC,"Lamivudine/Zidovudine 150/300mg, tablets, 60 Tabs",98.54,5377,50274.95,PMO - US,"Aurobindo Unit III, India",Lamivudine/Zidovudine,9.35,N/A - From RDC,SO-17710,Pre-PQ Process,Pre-PQ Process,ARV,114-UG-T01,27-Nov-08,Air,Adult,60,0.16,SCMS from RDC,N/A - From RDC,501
11550,DN-652,Generic,Uganda,07-Apr-08,07-Apr-08,150/300/200mg,Tablet - FDC,Yes,1472.77,From RDC,"Lamivudine/Nevirapine/Zidovudine 150/200/300mg, tablets, 60 Tabs",31.32,1450,19575.0,PMO - US,"Cipla, Goa, India",Lamivudine/Nevirapine/Zidovudine,13.5,N/A - From RDC,SO-1928,Pre-PQ Process,Pre-PQ Process,ARV,114-UG-T01,07-Apr-08,MIssing,Adult,60,0.22,SCMS from RDC,N/A - From RDC,167
4794,ASN-3308,Videx,Zambia,20-Feb-09,20-Feb-09,25mg,Chewable/dispersible tablet,Yes,Freight Included in Commodity Cost,Direct Drop,"Didanosine 25mg [Videx], chewable tablets, 60 Tabs",7.48,545,3815.0,PMO - US,"BMS Meymac, France",Didanosine,7.0,11-04-08,SCMS-33150,Pre-PQ Process,Pre-PQ Process,ARV,110-ZM-T01,20-Feb-09,Air,Pediatric,60,0.12,BRISTOL-MYERS SQUIBB,CIP,Weight Captured Separately
10155,ASN-3208,Uni-Gold,Guyana,30-Jan-09,30-Jan-09,MIssing,Test kit,Yes,5926.53,Direct Drop,"HIV 1/2, Uni-Gold HIV Kit, 20 Tests",130.83,2086,66752.0,PMO - US,"Trinity Biotech, Plc","HIV 1/2, Uni-Gold HIV Kit",32.0,12-11-08,SCMS-35540,Pre-PQ Process,Pre-PQ Process,HRDT,102-GY-T01,30-Jan-09,Air,HIV test,20,1.6,"Trinity Biotech, Plc",EXW,707
11595,DN-1116,Generic,Zambia,17-Mar-09,17-Mar-09,600mg,Tablet,Yes,14041.17,From RDC,"Efavirenz 600mg, tablets, 30 Tabs",2156,100000,1100000.0,PMO - US,"Aurobindo Unit III, India",Efavirenz,11.0,N/A - From RDC,SO-17600,Pre-PQ Process,Pre-PQ Process,ARV,110-ZM-T01,17-Mar-09,Air,Adult,30,0.37,SCMS from RDC,N/A - From RDC,8645
6623,ASN-115,Kaletra,Zambia,05-Dec-06,05-Dec-06,80/20mg/ml,Oral solution,Yes,Freight Included in Commodity Cost,Direct Drop,"Lopinavir/Ritonavir 80/20mg/ml [Kaletra], oral solution, cool, Bottle 5 x 60 ml",MIssing,70,2877.0,PMO - US,ABBVIE (Abbott) Logis. UK,Lopinavir/Ritonavir,41.1,Date Not Captured,SCMS-162,Pre-PQ Process,Pre-PQ Process,ARV,110-ZM-T01,05-Dec-06,Air,Pediatric,300,0.14,INTERNATIONAL HEALTHCARE DISTRIBUTORS,CIP,57
12753,DN-487,Norvir,Mozambique,08-Feb-08,08-Feb-08,100mg,Capsule,Yes,740.16,From RDC,"Ritonavir 100mg [Norvir], capsules, cool, 84 Caps",12.89,210,8055.6,PMO - US,ABBVIE (Abbott) Logis. UK,Ritonavir,38.36,N/A - From RDC,SO-1040,Pre-PQ Process,Pre-PQ Process,ARV,111-MZ-T01,08-Feb-08,Air,Adult,84,0.46,SCMS from RDC,N/A - From RDC,63
1245,ASN-5,Genie,CÃte dIvoire,27-Jun-06,27-Jun-06,MIssing,Test kit,Yes,1816.57,Direct Drop,"#108853** HIV, Genie II HIV-1/HIV-2 Kit, 40 Tests",MIssing,147,11076.45,PMO - US,Bio-Rad Laboratories,"HIV, Genie II HIV-1/HIV-2 Kit",75.35,4/19/06,SCMS-1,Pre-PQ Process,Pre-PQ Process,HRDT,100-CI-T01,27-Jun-06,Air,HIV test,40,1.88,BIO-RAD LABORATORIES (FRANCE),EXW,165
532,ASN-2293,Videx EC,South Africa,08-May-08,08-May-08,250mg,Delayed-release capsules - blister,Yes,Freight Included in Commodity Cost,Direct Drop,"Didanosine EC 250mg [Videx EC], delayed-release capsules, Blister 3 x 10 Caps",3.05,100,1906.0,PMO - US,"BMS Meymac, France",Didanosine EC,19.06,Date Not Captured,SCMS-23500,Pre-PQ Process,Pre-PQ Process,ARV,116-ZA-T01,20-Aug-08,Truck,Adult,30,0.64,S. BUYS WHOLESALER,DDP,Weight Captured Separately
11992,DN-1320,Generic,Uganda,14-Aug-09,14-Aug-09,150/200/30mg,Tablet - FDC,Yes,1670.63,From RDC,"Lamivudine/Nevirapine/Stavudine 150/200/30mg, tablets, 60 Tabs",22.38,1604,11420.48,PMO - US,"Strides, Bangalore, India.",Lamivudine/Nevirapine/Stavudine,7.12,N/A - From RDC,SO-30081,Pre-PQ Process,Date Not Captured,ARV,114-UG-T01,14-Aug-09,Air,Adult,60,0.12,SCMS from RDC,N/A - From RDC,120
10751,DN-954,Generic,Zambia,21-Oct-08,21-Oct-08,600mg,Tablet,Yes,4060.54,From RDC,"Efavirenz 600mg, tablets, 30 Tabs",1176.98,50000,600500.0,PMO - US,Mylan (formerly Matrix) Nashik,Efavirenz,12.01,N/A - From RDC,SO-2483,Pre-PQ Process,Pre-PQ Process,ARV,110-ZM-T01,21-Oct-08,Truck,Adult,30,0.4,SCMS from RDC,N/A - From RDC,3775
10796,DN-1458,Generic,Haiti,13-Oct-09,13-Oct-09,10mg/ml,Oral solution,No,See DN-1458 (ID#:10795),From RDC,"Lamivudine 10mg/ml, oral solution, Bottle, 240 ml",8.99,2415,4588.5,PMO - US,"Aurobindo Unit III, India",Lamivudine,1.9,N/A - From RDC,SO-33030,Pre-PQ Process,Date Not Captured,ARV,106-HT-T01,13-Oct-09,Air,Pediatric,240,0.01,SCMS from RDC,N/A - From RDC,See DN-1458 (ID#:10795)
11899,DN-690,Generic,Haiti,14-Apr-08,14-Apr-08,10mg/ml,Oral solution,No,See DN-690 (ID#:10706),From RDC,"Lamivudine 10mg/ml, oral solution, Bottle, 240 ml",6.73,2135,4205.95,PMO - US,"Aurobindo Unit III, India",Lamivudine,1.97,N/A - From RDC,SO-2055,Pre-PQ Process,Pre-PQ Process,ARV,106-HT-T01,14-Apr-08,Air,Pediatric,240,0.01,SCMS from RDC,N/A - From RDC,See DN-690 (ID#:10706)
12397,DN-314,Stocrin/Sustiva,CÃte dIvoire,24-Aug-07,24-Aug-07,50mg,Capsule,No,See DN-314 (ID#:11757),From RDC,"Efavirenz 50mg [Stocrin/Sustiva], capsule, 30 Caps",4.1,738,2560.86,PMO - US,"MSD, Haarlem, NL",Efavirenz,3.47,N/A - From RDC,SO-589,Pre-PQ Process,Pre-PQ Process,ARV,104-CI-T01,24-Aug-07,MIssing,Pediatric,30,0.12,SCMS from RDC,N/A - From RDC,See DN-314 (ID#:11757)
10963,DN-682,Generic,Haiti,21-Mar-08,21-Mar-08,20mg/ml,Oral solution,Yes,11340.2,From RDC,"Abacavir 20mg/ml, oral solution, Bottle, 240 ml",4.22,160,2640.0,PMO - US,"Aurobindo Unit III, India",Abacavir,16.5,N/A - From RDC,SO-2042,Pre-PQ Process,Pre-PQ Process,ARV,106-HT-T01,21-Mar-08,Air,Pediatric,240,0.07,SCMS from RDC,N/A - From RDC,938
11906,DN-998,Generic,Uganda,15-Dec-08,15-Dec-08,600mg,Tablet,No,See DN-998 (ID#:11568),From RDC,"Efavirenz 600mg, tablets, 30 Tabs",110.97,5147,56617.0,PMO - US,"Aurobindo Unit III, India",Efavirenz,11.0,N/A - From RDC,SO-17770,Pre-PQ Process,Pre-PQ Process,ARV,114-UG-T01,15-Dec-08,Truck,Adult,30,0.37,SCMS from RDC,N/A - From RDC,See DN-998 (ID#:11568)
2654,ASN-59,Capillus,Haiti,09-Oct-06,09-Oct-06,MIssing,Test kit,Yes,854.34,Direct Drop,"HIV 1/2, Capillus HIV Kit, 100 Tests",MIssing,45,7875.0,PMO - US,Not Applicable,"HIV 1/2, Capillus HIV Kit",175.0,Date Not Captured,SCMS-73,Pre-PQ Process,Pre-PQ Process,HRDT,106-HT-T01,09-Oct-06,Air,HIV test,100,1.75,"Trinity Biotech, Plc",EXW,29
11118,DN-194,Generic,CÃte dIvoire,28-Jun-07,28-Jun-07,300mg,Tablet,No,See DN-194 (ID#:11117),From RDC,"Abacavir 300mg, tablets, 60 Tabs",114.56,2000,71600.0,PMO - US,"Aurobindo Unit III, India",Abacavir,35.8,N/A - From RDC,SO-586,Pre-PQ Process,Pre-PQ Process,ARV,104-CI-T01,28-Jun-07,MIssing,Adult,60,0.6,SCMS from RDC,N/A - From RDC,See DN-194 (ID#:11117)
5293,ASN-113,Determine,Guyana,15-Nov-06,15-Nov-06,MIssing,Test kit,Yes,801.54,Direct Drop,"HIV 1/2, Determine Complete HIV Kit, 100 Tests",MIssing,230,18400.0,PMO - US,ABBVIE GmbH & Co.KG Wiesbaden,"HIV 1/2, Determine Complete HIV Kit",80.0,Date Not Captured,SCMS-225,Pre-PQ Process,Pre-PQ Process,HRDT,102-GY-T01,15-Nov-06,Air,HIV test,100,0.8,Abbott GmbH & Co. KG,EXW,38681
646,ASN-2488,Viramune,South Africa,08-Jul-08,08-Jul-08,10mg/ml,Oral suspension,Yes,Freight Included in Commodity Cost,Direct Drop,"Nevirapine 10mg/ml [Viramune], oral suspension, Bottle, 240 ml",1.11,50,696.5,PMO - US,"BI, Ingelheim, Germany",Nevirapine,13.93,Date Not Captured,SCMS-26820,Pre-PQ Process,Pre-PQ Process,ARV,116-ZA-T01,10-Jul-08,Truck,Pediatric,240,0.06,S. BUYS WHOLESALER,DDP,Weight Captured Separately
9487,ASN-1085,Capillus,Rwanda,18-Jan-08,18-Jan-08,MIssing,Test kit,Yes,4360.83,Direct Drop,"HIV 1/2, Capillus HIV Kit, 100 Tests",102.97,463,64357.0,PMO - US,"Trinity Biotech, Plc","HIV 1/2, Capillus HIV Kit",139.0,11/19/07,SCMS-14150,Pre-PQ Process,Pre-PQ Process,HRDT,107-RW-T01,18-Jan-08,Air,HIV test,100,1.39,"Trinity Biotech, Plc",EXW,450
11385,DN-100,Generic,Rwanda,14-May-07,14-May-07,40mg,Capsule,No,See DN-100 (ID#:10823),From RDC,"Stavudine 40mg, capsules, 60 Caps",MIssing,306,651.78,PMO - US,"Strides, Bangalore, India.",Stavudine,2.13,N/A - From RDC,SO-481,Pre-PQ Process,Pre-PQ Process,ARV,107-RW-T01,14-May-07,Air,Adult,60,0.04,SCMS from RDC,N/A - From RDC,See DN-100 (ID#:10823)
7172,ASN-2024,Generic,Nigeria,31-Jul-08,31-Jul-08,500/25mg,Tablet - FDC,Yes,20134.43,Direct Drop,"Sulfadoxine/Pyrimethamine 500/25mg, tablets, 1000 Tabs",0.84,20,527.0,PMO - US,"Micro Labs Ltd. (Brown & Burk), India",Sulfadoxine/Pyrimethamine,26.35,06-02-08,SCMS-24590,Pre-PQ Process,Pre-PQ Process,ANTM,130-NG-T01,31-Jul-08,Air,Malaria,1000,0.03,IDA FOUNDATION,EXW,1920
9037,ASN-3752,Stocrin/Sustiva,South Africa,21-Nov-08,21-Nov-08,200mg,Capsule,No,Freight Included in Commodity Cost,Direct Drop,"Efavirenz 200mg [Stocrin/Sustiva], capsule, 90 Caps",4.81,100,2454.0,PMO - US,"MSD Midrand, Jburg, SA",Efavirenz,24.54,Date Not Captured,SCMS-41140,Pre-PQ Process,Pre-PQ Process,ARV,116-ZA-T01,31-Mar-09,Air,Pediatric,90,0.27,S. BUYS WHOLESALER,DDP,Weight Captured Separately
12874,DN-1168,Generic,Zimbabwe,27-Apr-09,27-Apr-09,150/200/30mg,Tablet - FDC,No,See DN-1168 (ID#:11031),From RDC,"Lamivudine/Nevirapine/Stavudine 150/200/30mg, tablets, 60 Tabs",1102.3,76000,562400.0,PMO - US,"Cipla, Goa, India",Lamivudine/Nevirapine/Stavudine,7.4,N/A - From RDC,SO-18110,Pre-PQ Process,Pre-PQ Process,ARV,113-ZW-T01,27-Apr-09,Truck,Adult,60,0.12,SCMS from RDC,N/A - From RDC,See DN-1168 (ID#:11031)
12196,DN-810,Generic,Mozambique,07-Aug-08,07-Aug-08,300mg,Tablet,No,See DN-810 (ID#:11257),From RDC,"Zidovudine 300mg, tablets, 60 Tabs",92.71,7110,57946.5,PMO - US,"Aurobindo Unit III, India",Zidovudine,8.15,N/A - From RDC,SO-2423,Pre-PQ Process,Pre-PQ Process,ARV,111-MZ-T01,07-Aug-08,Truck,Adult,60,0.14,SCMS from RDC,N/A - From RDC,See DN-810 (ID#:11257)
7749,ASN-4385,Aluvia,South Africa,20-Apr-09,20-Apr-09,200/50mg,Tablet,No,Freight Included in Commodity Cost,Direct Drop,"Lopinavir/Ritonavir 200/50mg [Aluvia], tablets, 120 Tabs",209.09,2965,106680.7,PMO - US,ABBVIE Ludwigshafen Germany,Lopinavir/Ritonavir,35.98,3/27/09,SCMS-41584,Pre-PQ Process,Pre-PQ Process,ARV,116-ZA-T01,25-Jun-09,Air,Adult,120,0.3,S. BUYS WHOLESALER,DDP,Weight Captured Separately
9331,ASN-737,Generic,Vietnam,02-Oct-07,02-Oct-07,150/300/200mg,Tablet - FDC,No,See ASN-737 (ID#:2765),Direct Drop,"Lamivudine/Nevirapine/Zidovudine 150/200/300mg, tablets, 60 Tabs",151.2,7000,94500.0,PMO - US,"Aurobindo Unit III, India",Lamivudine/Nevirapine/Zidovudine,13.5,07-03-07,SCMS-749,Pre-PQ Process,Pre-PQ Process,ARV,108-VN-T01,02-Oct-07,Air,Adult,60,0.22,Aurobindo Pharma Limited,EXW,See ASN-737 (ID#:2765)
11408,DN-277,Determine,Rwanda,06-Aug-07,06-Aug-07,MIssing,Test kit,Yes,4613.67,From RDC,"HIV 1/2, Determine Complete HIV Kit, 100 Tests",108.8,850,68000.0,PMO - US,ABBVIE GmbH & Co.KG Wiesbaden,"HIV 1/2, Determine Complete HIV Kit",80.0,N/A - From RDC,SO-827,Pre-PQ Process,Pre-PQ Process,HRDT,107-RW-T01,06-Aug-07,Air,HIV test,100,0.8,SCMS from RDC,N/A - From RDC,195
2440,ASN-3732,Viramune,South Africa,21-Jan-09,21-Jan-09,200mg,Tablet,No,Freight Included in Commodity Cost,Direct Drop,"Nevirapine 200mg [Viramune], tablets, 60 Tabs",7.91,260,4035.2,PMO - US,"Boehringer Ing., Koropi, GR",Nevirapine,15.52,Date Not Captured,SCMS-41190,Pre-PQ Process,Pre-PQ Process,ARV,116-ZA-T01,30-Mar-09,Air,Adult,60,0.26,S. BUYS WHOLESALER,DDP,Weight Captured Separately
11641,DN-1235,Generic,Ghana,12-Aug-09,12-Aug-09,20mg/ml,Oral solution,No,See DN-1235 (ID#:10769),From RDC,"Abacavir 20mg/ml, oral solution, Bottle, 240 ml",0.01,374,3.74,PMO - US,"Aurobindo Unit III, India",Abacavir,0.01,N/A - From RDC,SO-30700,Pre-PQ Process,Date Not Captured,ARV,100-GH-T01,12-Aug-09,Truck,Pediatric,240,0.0,SCMS from RDC,N/A - From RDC,See DN-1235 (ID#:10769)
10695,DN-641,Generic,CÃte dIvoire,03-Mar-08,03-Mar-08,MIssing,Test kit - Ancillary,Yes,1759.4,From RDC,"HIV, Lancet, Safety, for HIV Test kits, 100 Pcs",0.02,1505,15.05,PMO - US,Inverness Japan,"HIV, Lancet, Safety, for HIV Test kits, 100 Pcs",0.01,N/A - From RDC,SO-791,Pre-PQ Process,Pre-PQ Process,HRDT,104-CI-T01,03-Mar-08,MIssing,HIV test - Ancillary,100,0.0,SCMS from RDC,N/A - From RDC,440
10733,DN-850,Generic,Mozambique,05-Sep-08,05-Sep-08,150mg,Tablet,Yes,3227.48,From RDC,"Lamivudine 150mg, tablets, 60 Tabs",2.46,528,1536.48,PMO - US,"Aurobindo Unit III, India",Lamivudine,2.91,N/A - From RDC,SO-2424,Pre-PQ Process,Pre-PQ Process,ARV,111-MZ-T01,05-Sep-08,Air,Adult,60,0.05,SCMS from RDC,N/A - From RDC,4211
12247,DN-944,Generic,Haiti,04-Nov-08,04-Nov-08,20mg,Capsule,No,See DN-944 (ID#:11012),From RDC,"Stavudine 20mg, capsules, 60 Caps",1.72,500,875.0,PMO - US,"Aurobindo Unit III, India",Stavudine,1.75,N/A - From RDC,SO-15930,Pre-PQ Process,Pre-PQ Process,ARV,106-HT-T01,04-Nov-08,Air,Adult,60,0.03,SCMS from RDC,N/A - From RDC,See DN-944 (ID#:11012)
2921,ASN-1251,Epivir,South Africa,29-Jan-08,29-Jan-08,10mg/ml,Oral solution,No,Freight Included in Commodity Cost,Direct Drop,"Lamivudine 10mg/ml [Epivir], oral solution, Bottle, 240 ml",5.81,500,3630.0,PMO - US,GSK Mississauga (Canada),Lamivudine,7.26,11-12-07,SCMS-14050,Pre-PQ Process,Pre-PQ Process,ARV,116-ZA-T01,29-Jan-08,MIssing,Pediatric,240,0.03,"JSI R&T INSTITUTE, INC.",DDP,Weight Captured Separately
10928,DN-628,Crixivan,Mozambique,05-Apr-08,05-Apr-08,400mg,Capsule,No,See DN-628 (ID#:10654),From RDC,"Indinavir 400mg [Crixivan], capsules, 180 Caps",27.44,343,17150.0,PMO - US,"MSD, Haarlem, NL",Indinavir,50.0,N/A - From RDC,SO-1039,Pre-PQ Process,Pre-PQ Process,ARV,111-MZ-T01,08-Apr-08,Air,Adult,180,0.28,SCMS from RDC,N/A - From RDC,See DN-628 (ID#:10654)
12563,DN-1163,Kaletra,CÃte dIvoire,23-Mar-09,23-Mar-09,80/20mg/ml,Oral solution,No,See DN-1163 (ID#:11030),From RDC,"Lopinavir/Ritonavir 80/20mg/ml [Kaletra], oral solution, cool, Bottle 5 x 60 ml",32.63,405,16645.5,PMO - US,ABBVIE (Abbott) Logis. UK,Lopinavir/Ritonavir,41.1,N/A - From RDC,SO-970,Pre-PQ Process,Pre-PQ Process,ARV,104-CI-T01,23-Mar-09,Air,Pediatric,300,0.14,SCMS from RDC,N/A - From RDC,See DN-1163 (ID#:11030)
9836,ASN-2390,Generic,Rwanda,23-Sep-08,23-Sep-08,600mg,Tablet,Yes,87692.85,Direct Drop,"Efavirenz 600mg, tablets, 30 Tabs",1490.52,83400,931578.0,PMO - US,Hetero Unit III Hyderabad IN,Efavirenz,11.17,08-06-08,SCMS-25910,Pre-PQ Process,Pre-PQ Process,ARV,107-RW-T01,23-Sep-08,Air,Adult,30,0.37,HETERO LABS LIMITED,CIP,6701
6724,ASN-1017,Generic,Vietnam,19-Dec-07,19-Dec-07,100mg,Chewable/dispersible tablet,Yes,3719.91,Direct Drop,"Didanosine 100mg, chewable/dispersible tablets, 60 Tabs",14.88,1200,9300.0,PMO - US,"Aurobindo Unit III, India",Didanosine,7.75,07-03-07,SCMS-10970,Pre-PQ Process,Pre-PQ Process,ARV,108-VN-T01,19-Dec-07,Air,Pediatric,60,0.13,Aurobindo Pharma Limited,EXW,249
10810,DN-9,Viracept,Rwanda,05-Feb-07,05-Feb-07,250mg,Tablet,Yes,23000.34,From RDC,"Nelfinavir (as mesilate) 250mg [Viracept], tablets, 270 Tabs",MIssing,400,38920.0,PMO - US,Roche Madrid,Nelfinavir (as mesilate),97.3,N/A - From RDC,SO-290,Pre-PQ Process,Pre-PQ Process,ARV,107-RW-T01,05-Feb-07,Air,Adult,270,0.36,SCMS from RDC,N/A - From RDC,108
3357,ASN-2502,Retrovir,South Africa,18-Aug-08,18-Aug-08,10mg/ml,Oral solution,Yes,Freight Included in Commodity Cost,Direct Drop,"Zidovudine 10mg/ml [Retrovir], oral solution, Bottle, 200 ml",0.58,60,360.6,PMO - US,GSK Mississauga (Canada),Zidovudine,6.01,Date Not Captured,SCMS-28830,Pre-PQ Process,Pre-PQ Process,ARV,116-ZA-T01,25-Aug-08,Truck,Pediatric,200,0.03,S. BUYS WHOLESALER,DDP,Weight Captured Separately
1955,ASN-2809,Generic,Vietnam,24-Nov-08,24-Nov-08,150/300/200mg,Tablet - FDC,Yes,2568.6,Direct Drop,"Lamivudine/Nevirapine/Zidovudine 150/200/300mg, tablets, 60 Tabs",24.58,1100,12540.0,PMO - US,"Aurobindo Unit III, India",Lamivudine/Nevirapine/Zidovudine,11.4,7/24/08,SCMS-27310,Pre-PQ Process,Pre-PQ Process,ARV,108-VN-T01,24-Nov-08,Air,Adult,60,0.19,Aurobindo Pharma Limited,EXW,159
12885,DN-1244,Generic,Nigeria,16-Jun-09,16-Jun-09,600mg,Tablet,No,See DN-1244 (ID#:11048),From RDC,"Efavirenz 600mg, tablets, 30 Tabs",46.1,2178,23522.4,PMO - US,"Aurobindo Unit III, India",Efavirenz,10.8,N/A - From RDC,SO-21050,Pre-PQ Process,Pre-PQ Process,ARV,112-NG-T01,16-Jun-09,Air Charter,Adult,30,0.36,SCMS from RDC,N/A - From RDC,See DN-1244 (ID#:11048)
12764,DN-628,Generic,Mozambique,05-Apr-08,05-Apr-08,600mg,Tablet,No,See DN-628 (ID#:10654),From RDC,"Efavirenz 600mg, tablets, 30 Tabs",251.64,12663,157274.46,PMO - US,"Aurobindo Unit III, India",Efavirenz,12.42,N/A - From RDC,SO-1039,Pre-PQ Process,Pre-PQ Process,ARV,111-MZ-T01,08-Apr-08,Air,Adult,30,0.41,SCMS from RDC,N/A - From RDC,See DN-628 (ID#:10654)
12384,DN-239,Generic,Tanzania,30-Jul-07,30-Jul-07,200mg,Tablet,Yes,3291,From RDC,"Nevirapine 200mg, tablets, 60 Tabs",67.44,11807,42150.99,PMO - US,"Aurobindo Unit III, India",Nevirapine,3.57,N/A - From RDC,SO-768,Pre-PQ Process,Pre-PQ Process,ARV,109-TZ-T01,30-Jul-07,Air,Adult,60,0.06,SCMS from RDC,N/A - From RDC,1050
5622,ASN-1577,Generic,Zambia,22-Apr-08,22-Apr-08,MIssing,Test kit - Ancillary,Yes,Invoiced Separately,Direct Drop,"HIV, Lancet, Safety, for HIV Test kits, 100 Pcs",0.03,2000,20.0,PMO - US,Inverness Japan,"HIV, Lancet, Safety, for HIV Test kits, 100 Pcs",0.01,2/25/08,SCMS-18070,Pre-PQ Process,Pre-PQ Process,HRDT,110-ZM-T01,22-Apr-08,Air,HIV test - Ancillary,100,0.0,"Orgenics, Ltd",EXW,Weight Captured Separately
11933,DN-917,Truvada,Nigeria,24-Sep-08,24-Sep-08,300/200mg,Tablet - FDC,No,See DN-917 (ID#:10745),From RDC,"Emtricitabine/Tenofovir Disoproxil Fumarate 200/300mg [Truvada], tablets, 30 Tabs",0.17,4,105.0,PMO - US,"Aspen-OSD, Port Elizabeth, SA",Emtricitabine/Tenofovir Disoproxil Fumarate,26.25,N/A - From RDC,SO-2728,Pre-PQ Process,Pre-PQ Process,ARV,112-NG-T01,24-Sep-08,Air,Adult,30,0.88,SCMS from RDC,N/A - From RDC,See DN-917 (ID#:10745)
11312,DN-1193,Stocrin/Sustiva,Kenya,23-Apr-09,23-Apr-09,30mg/ml,Oral solution,Yes,Invoiced Separately,From RDC,"Efavirenz 30mg/ml [Stocrin/Sustiva], oral solution, Bottle, 180 ml",0.08,3930,39.3,PMO - US,"MSD, Haarlem, NL",Efavirenz,0.01,N/A - From RDC,SO-29010,Pre-PQ Process,Pre-PQ Process,ARV,127-KE-T01,23-Apr-09,Truck,Pediatric,180,0.0,SCMS from RDC,N/A - From RDC,Weight Captured Separately
12602,DN-1300,Generic,Uganda,15-Sep-09,15-Sep-09,200mg,Tablet,No,See DN-1300 (ID#:11669),From RDC,"Nevirapine 200mg, tablets, 60 Tabs",12.79,2250,6525.0,PMO - US,"Aurobindo Unit III, India",Nevirapine,2.9,N/A - From RDC,SO-31460,Pre-PQ Process,Date Not Captured,ARV,114-UG-T01,15-Sep-09,Air,Adult,60,0.05,SCMS from RDC,N/A - From RDC,See DN-1300 (ID#:11669)
12188,DN-682,Generic,Haiti,21-Mar-08,21-Mar-08,300mg,Tablet,No,See DN-682 (ID#:10963),From RDC,"Abacavir 300mg, tablets, 60 Tabs",8.37,190,5230.7,PMO - US,Mylan (formerly Matrix) Nashik,Abacavir,27.53,N/A - From RDC,SO-2042,Pre-PQ Process,Pre-PQ Process,ARV,106-HT-T01,21-Mar-08,Air,Adult,60,0.46,SCMS from RDC,N/A - From RDC,See DN-682 (ID#:10963)
9639,ASN-1610,Determine,Haiti,09-May-08,09-May-08,MIssing,Test kit,Yes,1802.14,Direct Drop,"HIV 1/2, Determine HIV Kit, without Lancets, 100 Tests",102.38,955,63985.0,PMO - US,Inverness Japan,"HIV 1/2, Determine HIV Kit, without Lancets",67.0,03-11-08,SCMS-18720,Pre-PQ Process,Pre-PQ Process,HRDT,106-HT-T01,09-May-08,Air,HIV test,100,0.67,"Orgenics, Ltd",EXW,164
13874,ASN-20434,Generic,Haiti,14-Aug-13,14-Aug-13,600mg,Tablet,Yes,13257.25,Direct Drop,"Efavirenz 600mg, tablets, 30 Tabs",57.73,14448,46667.04,PMO - US,"Micro labs, Verna, Goa, India",Efavirenz,3.23,3/22/13,SCMS-180960,FPQ-11443,02-07-13,ARV,106-HT-T30,14-Aug-13,Air,Adult,30,0.11,MICRO LABS LIMITED,EXW,2284
12125,DN-416,Generic,Guyana,07-Nov-07,07-Nov-07,150/300mg,Tablet - FDC,Yes,4807,From RDC,"Lamivudine/Zidovudine 150/300mg, tablets, 60 Tabs",28.09,1848,17556.0,PMO - US,"Aurobindo Unit III, India",Lamivudine/Zidovudine,9.5,N/A - From RDC,SO-1233,Pre-PQ Process,Pre-PQ Process,ARV,105-GY-T01,07-Nov-07,Air,Adult,60,0.16,SCMS from RDC,N/A - From RDC,402
12254,DN-853,Generic,Tanzania,29-Aug-08,29-Aug-08,150/200/30mg,Tablet - FDC,No,See DN-853 (ID#:11940),From RDC,"Lamivudine/Nevirapine/Stavudine 150/200/30mg, tablets, 60 Tabs",714.33,60332,446456.8,PMO - US,"Cipla, Goa, India",Lamivudine/Nevirapine/Stavudine,7.4,N/A - From RDC,SO-2565,Pre-PQ Process,Pre-PQ Process,ARV,109-TZ-T01,29-Aug-08,Air,Adult,60,0.12,SCMS from RDC,N/A - From RDC,See DN-853 (ID#:11940)
12568,DN-1196,Generic,Nigeria,08-May-09,08-May-09,150/300/200mg,Tablet - FDC,Yes,15128.37,From RDC,"Lamivudine/Nevirapine/Zidovudine 150/200/300mg, tablets, 60 Tabs",1595.85,71422,814210.8,PMO - US,"Aurobindo Unit III, India",Lamivudine/Nevirapine/Zidovudine,11.4,N/A - From RDC,SO-22521,Pre-PQ Process,Pre-PQ Process,ARV,151-NG-T01,08-May-09,Air Charter,Adult,60,0.19,SCMS from RDC,N/A - From RDC,8016
12418,DN-400,Generic,Zambia,02-Nov-07,02-Nov-07,20mg,Capsule,Yes,1320.08,From RDC,"Stavudine 20mg, capsules, 60 Caps",3.87,1381,2416.75,PMO - US,"Aurobindo Unit III, India",Stavudine,1.75,N/A - From RDC,SO-909,Pre-PQ Process,Pre-PQ Process,ARV,110-ZM-T01,02-Nov-07,MIssing,Adult,60,0.03,SCMS from RDC,N/A - From RDC,232
6396,ASN-3634,Generic,South Africa,02-Dec-08,02-Dec-08,1mg/ml,Oral solution,No,Freight Included in Commodity Cost,Direct Drop,"Stavudine 1mg/ml, powder for oral solution, 200 ml",1.96,500,1000.0,PMO - US,"Aurobindo Unit III, India",Stavudine,2.0,Date Not Captured,SCMS-40810,Pre-PQ Process,Pre-PQ Process,ARV,116-ZA-T01,31-Mar-09,Air,Pediatric,200,0.01,S. BUYS WHOLESALER,DDP,Weight Captured Separately
10600,DN-362,Generic,Uganda,05-Nov-07,05-Nov-07,150/200/30mg,Tablet - FDC,Yes,1673,From RDC,"Lamivudine/Nevirapine/Stavudine 150/200/30mg, tablets, 60 Tabs",23.12,1953,14452.2,PMO - US,"Cipla, Goa, India",Lamivudine/Nevirapine/Stavudine,7.4,N/A - From RDC,SO-1080,Pre-PQ Process,Pre-PQ Process,ARV,114-UG-T01,05-Nov-07,Air,Adult,60,0.12,SCMS from RDC,N/A - From RDC,283
11268,DN-774,Generic,Zimbabwe,17-Jun-08,17-Jun-08,MIssing,Test kit - Ancillary,Yes,2185.82,From RDC,"HIV, Lancet, Safety, for HIV Test kits, 100 Pcs",0.03,1800,18.0,PMO - US,Inverness Japan,"HIV, Lancet, Safety, for HIV Test kits, 100 Pcs",0.01,N/A - From RDC,SO-1053,Pre-PQ Process,Pre-PQ Process,HRDT,113-ZW-T01,17-Jun-08,Truck,HIV test - Ancillary,100,0.0,SCMS from RDC,N/A - From RDC,526
10792,DN-1400,Generic,CÃte dIvoire,09-Sep-09,09-Sep-09,150/300mg,Tablet - FDC,Yes,3144.57,From RDC,"Lamivudine/Zidovudine 150/300mg, tablets, 60 Tabs",151.5,8824,77298.24,PMO - US,Mylan (formerly Matrix) Nashik,Lamivudine/Zidovudine,8.76,N/A - From RDC,SO-31730,Pre-PQ Process,Date Not Captured,ARV,104-CI-T01,09-Sep-09,Air,Adult,60,0.15,SCMS from RDC,N/A - From RDC,706
10663,DN-557,Generic,Guyana,24-Jan-08,24-Jan-08,600mg,Tablet,Yes,6141.25,From RDC,"Efavirenz 600mg, tablets, 30 Tabs",112.67,5670,70421.4,PMO - US,"Strides, Bangalore, India.",Efavirenz,12.42,N/A - From RDC,SO-1239,Pre-PQ Process,Pre-PQ Process,ARV,105-GY-T01,24-Jan-08,Air,Adult,30,0.41,SCMS from RDC,N/A - From RDC,441
11340,DN-1343,Generic,Nigeria,04-Aug-09,04-Aug-09,150/300/200mg,Tablet - FDC,Yes,7445.8,From RDC,"Lamivudine/Nevirapine/Zidovudine 150/200/300mg, tablets, 60 Tabs",593.23,26550,302670.0,PMO - US,"Aurobindo Unit III, India",Lamivudine/Nevirapine/Zidovudine,11.4,N/A - From RDC,SO-32641,Pre-PQ Process,Date Not Captured,ARV,151-NG-T01,04-Aug-09,Air Charter,Adult,60,0.19,SCMS from RDC,N/A - From RDC,2991
12654,DN-144,Bioline,Tanzania,06-Jul-07,06-Jul-07,MIssing,Test kit,No,See DN-144 (ID#:12058),From RDC,"HIV 1/2, Bioline 3.0 Kit, Lancets, Capillary pipets, Alcohol swabs included, 25 Tests",MIssing,1539,30780.0,PMO - US,"Standard Diagnostics, Korea","HIV 1/2, Bioline 3.0 Kit, Lancets, Capillary pipets, Alcohol swabs included",20.0,N/A - From RDC,SO-306,Pre-PQ Process,Pre-PQ Process,HRDT,109-TZ-T01,06-Jul-07,Air,HIV test,25,0.8,SCMS from RDC,N/A - From RDC,See DN-144 (ID#:12058)
2437,ASN-3638,Generic,South Africa,22-Jan-09,22-Jan-09,600mg,Tablet,Yes,Freight Included in Commodity Cost,Direct Drop,"Efavirenz 600mg, tablets, 30 Tabs",31.96,1120,16307.2,PMO - US,"Cipla, Goa, India",Efavirenz,14.56,Date Not Captured,SCMS-41080,Pre-PQ Process,Pre-PQ Process,ARV,116-ZA-T01,26-May-09,Air,Adult,30,0.49,S. BUYS WHOLESALER,DDP,Weight Captured Separately
6671,ASN-704,Videx,CÃte dIvoire,21-Sep-07,21-Sep-07,200mg,Tablet,Yes,Freight Included in Commodity Cost,Direct Drop,"#102198**Didanosine 200mg [Videx], tablets, 60 Tabs",233.42,5721,145885.5,PMO - US,"BMS Meymac, France",Didanosine,25.5,5/30/07,SCMS-609,Pre-PQ Process,Pre-PQ Process,ARV,104-CI-T01,21-Sep-07,Air,Pediatric,60,0.42,BRISTOL-MYERS SQUIBB,CIP,1232
1196,ASN-4324,OraQuick,Botswana,10-Jul-09,10-Jul-09,MIssing,Test kit,Yes,684.42,Direct Drop,"HIV 1/2, OraQuick Advance HIV Rapid Antibody Kit, 100 Tests",3.43,5,1750.0,PMO - US,"Pacific Biotech, Thailand","HIV 1/2, OraQuick Advance HIV Rapid Antibody Kit",350.0,5/27/09,SCMS-46071,Pre-PQ Process,Pre-PQ Process,HRDT,102-BW-T01,12-Jun-09,Air,HIV test,100,3.5,Orasure Technologies Inc.,EXW,12
2159,ASN-3553,Viramune,South Africa,09-Oct-08,09-Oct-08,10mg/ml,Oral suspension,No,Freight Included in Commodity Cost,Direct Drop,"Nevirapine 10mg/ml [Viramune], oral suspension, Bottle, 240 ml",1.06,40,540.4,PMO - US,"BI, Ingelheim, Germany",Nevirapine,13.51,Date Not Captured,SCMS-33320,Pre-PQ Process,Pre-PQ Process,ARV,116-ZA-T01,17-May-09,Truck,Pediatric,240,0.06,S. BUYS WHOLESALER,DDP,Weight Captured Separately
12810,DN-773,Generic,Zimbabwe,17-Jun-08,17-Jun-08,MIssing,Test kit - Ancillary,No,See DN-773 (ID#:11267),From RDC,"HIV, Lancet, Safety, for HIV Test kits, 100 Pcs",0.01,550,5.5,PMO - US,Inverness Japan,"HIV, Lancet, Safety, for HIV Test kits, 100 Pcs",0.01,N/A - From RDC,SO-1873,Pre-PQ Process,Pre-PQ Process,HRDT,113-ZW-T01,17-Jun-08,Air,HIV test - Ancillary,100,0.0,SCMS from RDC,N/A - From RDC,See DN-773 (ID#:11267)
10667,DN-581,Generic,CÃte dIvoire,05-Feb-08,05-Feb-08,1mg/ml,Oral solution,Yes,5962.31,From RDC,"Stavudine 1mg/ml, powder for oral solution, 200 ml",13.22,5900,8260.0,PMO - US,"Aurobindo Unit III, India",Stavudine,1.4,N/A - From RDC,SO-1679,Pre-PQ Process,Pre-PQ Process,ARV,104-CI-T01,05-Feb-08,Air,Pediatric,200,0.01,SCMS from RDC,N/A - From RDC,2093
10780,DN-1301,Generic,Zambia,24-Jun-09,24-Jun-09,200mg,Capsule,Yes,1759.21,From RDC,"Efavirenz 200mg, capsule, 90 Caps",32.69,1093,16679.18,PMO - US,"Aurobindo Unit III, India",Efavirenz,15.26,N/A - From RDC,SO-31940,Pre-PQ Process,Pre-PQ Process,ARV,110-ZM-T01,24-Jun-09,Air,Pediatric,90,0.17,SCMS from RDC,N/A - From RDC,133
12183,DN-841,Generic,Guyana,25-Jul-08,25-Jul-08,200mg,Tablet,No,See DN-841 (ID#:11540),From RDC,"Nevirapine 200mg, tablets, 60 Tabs",20.18,3710,12614.0,PMO - US,"Aurobindo Unit III, India",Nevirapine,3.4,N/A - From RDC,SO-11630,Pre-PQ Process,Pre-PQ Process,ARV,105-GY-T01,25-Jul-08,Air,Adult,60,0.06,SCMS from RDC,N/A - From RDC,See DN-841 (ID#:11540)
6394,ASN-3607,Generic,South Africa,28-Nov-08,28-Nov-08,150mg,Tablet,No,Freight Included in Commodity Cost,Direct Drop,"Lamivudine 150mg, tablets, 60 Tabs",53.8,5000,27450.0,PMO - US,"Aurobindo Unit III, India",Lamivudine,5.49,Date Not Captured,SCMS-40780,Pre-PQ Process,Pre-PQ Process,ARV,116-ZA-T01,17-Mar-09,Air,Adult,60,0.09,S. BUYS WHOLESALER,DDP,Weight Captured Separately
13842,ASN-27324,Generic,"Congo, DRC",30-Sep-14,21-Oct-14,50mg,Chewable/dispersible tablet,Yes,2516.57,Direct Drop,"Nevirapine 50mg, dispersible tablets (tablets for oral suspension), 30 Tabs",1.21,940,1175.0,PMO - US,"Aurobindo Unit III, India",Nevirapine,1.25,5/19/14,SCMS-239810,FPQ-14255,5/15/14,ARV,101-CD-T30,30-Sep-14,Air,Pediatric,30,0.04,Aurobindo Pharma Limited,EXW,132
11278,DN-1010,Generic,Nigeria,26-Nov-08,26-Nov-08,150/300mg,Tablet - FDC,Yes,8504.72,From RDC,"Lamivudine/Zidovudine 150/300mg, tablets, 60 Tabs",214.28,11569,109327.05,PMO - US,"Aurobindo Unit III, India",Lamivudine/Zidovudine,9.45,N/A - From RDC,SO-17680,Pre-PQ Process,Pre-PQ Process,ARV,123-NG-T01,26-Nov-08,Air,Adult,60,0.16,SCMS from RDC,N/A - From RDC,1072
962,ASN-3521,Generic,Vietnam,23-Mar-09,23-Mar-09,150/200/30mg,Tablet - FDC,Yes,4225.93,Direct Drop,"Lamivudine/Nevirapine/Stavudine 150/200/30mg, tablets, 60 Tabs",142.81,10560,72864.0,PMO - US,"Cipla, Goa, India",Lamivudine/Nevirapine/Stavudine,6.9,1/16/09,SCMS-37180,Pre-PQ Process,Pre-PQ Process,ARV,108-VN-T01,23-Mar-09,Air,Adult,60,0.12,CIPLA LIMITED,EXW,924
5047,ASN-3752,Truvada,South Africa,21-Nov-08,21-Nov-08,300/200mg,Tablet - FDC,No,Freight Included in Commodity Cost,Direct Drop,"Emtricitabine/Tenofovir Disoproxil Fumarate 200/300mg [Truvada], tablets, 30 Tabs",4.58,80,2336.0,PMO - US,"Aspen-OSD, Port Elizabeth, SA",Emtricitabine/Tenofovir Disoproxil Fumarate,29.2,Date Not Captured,SCMS-41140,Pre-PQ Process,Pre-PQ Process,ARV,116-ZA-T01,31-Mar-09,Air,Adult,30,0.97,S. BUYS WHOLESALER,DDP,Weight Captured Separately
11583,DN-989,Generic,Mozambique,18-Dec-08,18-Dec-08,150/200/30mg,Tablet - FDC,Yes,7534.18,From RDC,"Lamivudine/Nevirapine/Stavudine 150/200/30mg, tablets, 60 Tabs",1311.71,92950,669240.0,PMO - US,"Strides, Bangalore, India.",Lamivudine/Nevirapine/Stavudine,7.2,N/A - From RDC,SO-15091,Pre-PQ Process,Pre-PQ Process,ARV,111-MZ-T01,18-Dec-08,Air,Adult,60,0.12,SCMS from RDC,N/A - From RDC,6883
116,ASN-632,Aluvia,Vietnam,27-Aug-07,27-Aug-07,200/50mg,Tablet,Yes,1767.38,Direct Drop,"Lopinavir/Ritonavir 200/50mg [Aluvia], tablets, 120 Tabs",65.75,500,41095.0,PMO - US,ABBVIE Ludwigshafen Germany,Lopinavir/Ritonavir,82.19,07-04-07,SCMS-759,Pre-PQ Process,Pre-PQ Process,ARV,108-VN-T01,27-Aug-07,Air,Adult,120,0.68,ABBVIE LOGISTICS (FORMERLY ABBOTT LOGISTICS BV),FCA,117
11539,DN-836,Generic,Nigeria,31-Jul-08,31-Jul-08,200mg,Tablet,No,See DN-836 (ID#:11244),From RDC,"Nevirapine 200mg, tablets, 60 Tabs",32.65,6002,20406.8,PMO - US,"Aurobindo Unit III, India",Nevirapine,3.4,N/A - From RDC,SO-2553,Pre-PQ Process,Pre-PQ Process,ARV,123-NG-T01,31-Jul-08,Air,Adult,60,0.06,SCMS from RDC,N/A - From RDC,See DN-836 (ID#:11244)
10672,DN-599,Generic,Mozambique,10-Mar-08,10-Mar-08,150mg,Tablet,Yes,919.2,From RDC,"Lamivudine 150mg, tablets, 60 Tabs",10.24,2106,6402.24,PMO - US,"Ranbaxy, Paonta Shahib, India",Lamivudine,3.04,N/A - From RDC,SO-1613,Pre-PQ Process,Pre-PQ Process,ARV,111-MZ-T01,10-Mar-08,Air,Adult,60,0.05,SCMS from RDC,N/A - From RDC,113
11939,DN-846,Generic,Nigeria,24-Jul-08,24-Jul-08,600mg,Tablet,Yes,4099.51,From RDC,"Efavirenz 600mg, tablets, 30 Tabs",78.76,4200,49224.0,PMO - US,"Aurobindo Unit III, India",Efavirenz,11.72,N/A - From RDC,SO-10750,Pre-PQ Process,Pre-PQ Process,ARV,126-NG-T01,24-Jul-08,Air,Adult,30,0.39,SCMS from RDC,N/A - From RDC,621
12010,DN-1427,Truvada,CÃte dIvoire,25-Sep-09,25-Sep-09,300/200mg,Tablet - FDC,No,See DN-1427 (ID#:11683),From RDC,"Emtricitabine/Tenofovir Disoproxil Fumarate 200/300mg [Truvada], tablets, 30 Tabs",51.35,998,26197.5,PMO - US,"Aspen-OSD, Port Elizabeth, SA",Emtricitabine/Tenofovir Disoproxil Fumarate,26.25,N/A - From RDC,SO-33230,Pre-PQ Process,Date Not Captured,ARV,104-CI-T01,25-Sep-09,Air,Adult,30,0.88,SCMS from RDC,N/A - From RDC,See DN-1427 (ID#:11683)
11240,DN-800,Generic,Nigeria,19-Jun-08,19-Jun-08,300mg,Tablet,No,See DN-800 (ID#:10953),From RDC,"Abacavir 300mg, tablets, 60 Tabs",0.17,4,105.2,PMO - US,Mylan (formerly Matrix) Nashik,Abacavir,26.3,N/A - From RDC,SO-2726,Pre-PQ Process,Pre-PQ Process,ARV,112-NG-T01,19-Jun-08,Air,Adult,60,0.44,SCMS from RDC,N/A - From RDC,See DN-800 (ID#:10953)
8693,ASN-3706,Atripla,Nigeria,10-Mar-09,10-Mar-09,600/200/300mg,Tablet - FDC,Yes,Freight Included in Commodity Cost,Direct Drop,"Efavirenz/Emtricitabine/Tenofovir Disoproxil Fumarate 600/200/300mg [Atripla], tablets, 30 Tabs",394.25,3991,201146.4,PMO - US,"MSD, Haarlem, NL",Efavirenz/Emtricitabine/Tenofovir Disoproxil Fumarate,50.4,9/23/08,SCMS-30501,Pre-PQ Process,Pre-PQ Process,ARV,131-NG-T01,10-Mar-09,Air,Adult,30,1.68,MERCK SHARP & DOHME IDEA GMBH (FORMALLY MERCK SHARP & DOHME B.V.),CIP,Weight Captured Separately
1861,ASN-2256,Capillus,Rwanda,16-Aug-08,16-Aug-08,MIssing,Test kit,Yes,5446.06,Direct Drop,"HIV 1/2, Capillus HIV Kit, 100 Tests",75.62,340,47260.0,PMO - US,"Trinity Biotech, Plc","HIV 1/2, Capillus HIV Kit",139.0,06-12-08,SCMS-25090,Pre-PQ Process,Pre-PQ Process,HRDT,107-RW-T01,16-Aug-08,Air,HIV test,100,1.39,"Trinity Biotech, Plc",EXW,234
12257,DN-960,Generic,Nigeria,30-Oct-08,30-Oct-08,300mg,Tablet,No,See DN-960 (ID#:11945),From RDC,"Zidovudine 300mg, tablets, 60 Tabs",90.11,5641,45974.15,PMO - US,"Aurobindo Unit III, India",Zidovudine,8.15,N/A - From RDC,SO-2554,Pre-PQ Process,Pre-PQ Process,ARV,123-NG-T01,30-Oct-08,Air,Adult,60,0.14,SCMS from RDC,N/A - From RDC,See DN-960 (ID#:11945)
12813,DN-976,Generic,Zambia,07-Nov-08,07-Nov-08,600mg,Tablet,Yes,2938.92,From RDC,"Efavirenz 600mg, tablets, 30 Tabs",823.89,35000,420350.0,PMO - US,Mylan (formerly Matrix) Nashik,Efavirenz,12.01,N/A - From RDC,SO-2484,Pre-PQ Process,Pre-PQ Process,ARV,110-ZM-T01,07-Nov-08,Truck,Adult,30,0.4,SCMS from RDC,N/A - From RDC,2641
1140,ASN-4437,Determine,Nigeria,18-Aug-09,18-Aug-09,MIssing,Test kit,Yes,24514.33,Direct Drop,"HIV 1/2, Determine Complete HIV Kit, 100 Tests",1002.74,6395,511600.0,PMO - US,Inverness Japan,"HIV 1/2, Determine Complete HIV Kit",80.0,04-09-09,SCMS-43330,Pre-PQ Process,Pre-PQ Process,HRDT,133-NG-T01,18-Aug-09,Air,HIV test,100,0.8,"Orgenics, Ltd",EXW,1915
13007,ASN-19161,Determine,Burundi,10-Jun-13,10-Jun-13,MIssing,Test kit,Yes,12922.07,Direct Drop,"HIV 1/2, Determine Complete HIV Kit, 100 Tests",145.27,1468,117440.0,PMO - US,"Alere Medical Co., Ltd.","HIV 1/2, Determine Complete HIV Kit",80.0,3/14/13,SCMS-179360,FPQ-11670,2/20/13,HRDT,102-BI-T30,10-Jun-13,Air,HIV test,100,0.8,"Orgenics, Ltd",EXW,638
6692,ASN-633,Aluvia,Vietnam,10-Sep-07,10-Sep-07,200/50mg,Tablet,Yes,5294.51,Direct Drop,"Lopinavir/Ritonavir 200/50mg [Aluvia], tablets, 120 Tabs",131.5,1000,82190.0,PMO - US,ABBVIE Ludwigshafen Germany,Lopinavir/Ritonavir,82.19,07-03-07,SCMS-751,Pre-PQ Process,Pre-PQ Process,ARV,108-VN-T01,10-Sep-07,Air,Adult,120,0.68,ABBVIE LOGISTICS (FORMERLY ABBOTT LOGISTICS BV),FCA,226
12616,DN-1471,Generic,Ethiopia,06-Oct-09,06-Oct-09,150mg,Tablet,No,See DN-1471 (ID#:12015),From RDC,"Lamivudine 150mg, tablets, 60 Tabs",20.44,4275,10431.0,PMO - US,"Aurobindo Unit III, India",Lamivudine,2.44,N/A - From RDC,SO-33630,Pre-PQ Process,Date Not Captured,ARV,117-ET-T01,06-Oct-09,Air,Adult,60,0.04,SCMS from RDC,N/A - From RDC,See DN-1471 (ID#:12015)
7984,ASN-193,Capillus,Haiti,23-Jan-07,23-Jan-07,MIssing,Test kit,Yes,749.96,Direct Drop,"HIV 1/2, Capillus HIV Kit, 100 Tests",MIssing,60,10500.0,PMO - US,Not Applicable,"HIV 1/2, Capillus HIV Kit",175.0,Date Not Captured,SCMS-275,Pre-PQ Process,Pre-PQ Process,HRDT,106-HT-T01,23-Jan-07,Air,HIV test,100,1.75,"Trinity Biotech, Plc",EXW,40
12911,DN-1422,Generic,CÃte dIvoire,16-Sep-09,16-Sep-09,10mg/ml,Oral solution,No,See DN-1422 (ID#:11682),From RDC,"Lamivudine 10mg/ml, oral solution, Bottle, 240 ml",11.85,3181,6043.9,PMO - US,"Aurobindo Unit III, India",Lamivudine,1.9,N/A - From RDC,SO-33220,Pre-PQ Process,Date Not Captured,ARV,104-CI-T01,16-Sep-09,Air,Pediatric,240,0.01,SCMS from RDC,N/A - From RDC,See DN-1422 (ID#:11682)
11369,DN-30,Generic,CÃte dIvoire,15-Mar-07,15-Mar-07,300mg,Tablet,No,See DN-30 (ID#:11091),From RDC,"Abacavir 300mg, tablets, 60 Tabs",MIssing,33,1453.65,PMO - US,"Aurobindo Unit III, India",Abacavir,44.05,N/A - From RDC,SO-373,Pre-PQ Process,Pre-PQ Process,ARV,100-CI-T01,15-Mar-07,MIssing,Adult,60,0.73,SCMS from RDC,N/A - From RDC,See DN-30 (ID#:11091)
2475,ASN-4286,Norvir,South Africa,04-May-09,04-May-09,80mg/ml,Oral solution,Yes,Freight Included in Commodity Cost,Direct Drop,"Ritonavir 80mg/ml [Norvir], oral solution, cool, Bottle, 90 ml",0.08,6,43.2,PMO - US,ABBVIE (Abbott) France,Ritonavir,7.2,04-02-09,SCMS-47360,Pre-PQ Process,Pre-PQ Process,ARV,116-ZA-T01,31-Jul-09,Truck,Pediatric,90,0.08,S. BUYS WHOLESALER,DDP,Weight Captured Separately
2683,ASN-93,Generic,Nigeria,07-Dec-06,07-Dec-06,200mg,Tablet,No,See ASN-93 (ID#:1281),Direct Drop,"Nevirapine 200mg, tablets, 60 Tabs",MIssing,4632,16906.8,PMO - US,"Aurobindo Unit III, India",Nevirapine,3.65,Date Not Captured,SCMS-156,Pre-PQ Process,Pre-PQ Process,ARV,112-NG-T01,07-Dec-06,Air,Adult,60,0.06,Aurobindo Pharma Limited,EXW,See ASN-93 (ID#:1281)
12433,DN-434,Generic,CÃte dIvoire,22-Nov-07,22-Nov-07,600mg,Tablet,No,See DN-434 (ID#:11483),From RDC,"Efavirenz 600mg, tablets, 30 Tabs",676.05,34020,422528.4,PMO - US,"Strides, Bangalore, India.",Efavirenz,12.42,N/A - From RDC,SO-1101,Pre-PQ Process,Pre-PQ Process,ARV,104-CI-T01,22-Nov-07,Air,Adult,30,0.41,SCMS from RDC,N/A - From RDC,See DN-434 (ID#:11483)
11195,DN-605,Generic,Zambia,21-Feb-08,21-Feb-08,200mg,Tablet,No,See DN-605 (ID#:10636),From RDC,"Nevirapine 200mg, tablets, 60 Tabs",54.09,9943,33806.2,PMO - US,"Aurobindo Unit III, India",Nevirapine,3.4,N/A - From RDC,SO-1317,Pre-PQ Process,Pre-PQ Process,ARV,110-ZM-T01,21-Feb-08,Truck,Adult,60,0.06,SCMS from RDC,N/A - From RDC,See DN-605 (ID#:10636)
6405,ASN-3732,Retrovir,South Africa,21-Jan-09,21-Jan-09,300mg,Tablet,No,Freight Included in Commodity Cost,Direct Drop,"Zidovudine 300mg [Retrovir], tablets, 60 Tabs",19.32,800,9856.0,PMO - US,GSK Aranda,Zidovudine,12.32,Date Not Captured,SCMS-41190,Pre-PQ Process,Pre-PQ Process,ARV,116-ZA-T01,30-Mar-09,Air,Adult,60,0.21,S. BUYS WHOLESALER,DDP,Weight Captured Separately
8605,ASN-2792,Generic,Vietnam,21-Nov-08,21-Nov-08,150/300/200mg,Tablet - FDC,No,See ASN-2792 (ID#:5936),Direct Drop,"Lamivudine/Nevirapine/Zidovudine 150/200/300mg, tablets, 60 Tabs",49.16,2200,25080.0,PMO - US,"Aurobindo Unit III, India",Lamivudine/Nevirapine/Zidovudine,11.4,7/24/08,SCMS-27320,Pre-PQ Process,Pre-PQ Process,ARV,108-VN-T01,21-Nov-08,Air,Adult,60,0.19,Aurobindo Pharma Limited,EXW,See ASN-2792 (ID#:5936)
12284,DN-1234,Generic,CÃte dIvoire,11-Jun-09,11-Jun-09,150/300/200mg,Tablet - FDC,No,See DN-1234 (ID#:11970),From RDC,"Lamivudine/Nevirapine/Zidovudine 150/200/300mg, tablets, 60 Tabs",339.86,15000,173400.0,PMO - US,"Aurobindo Unit III, India",Lamivudine/Nevirapine/Zidovudine,11.56,N/A - From RDC,SO-27520,Pre-PQ Process,Pre-PQ Process,ARV,104-CI-T01,11-Jun-09,Air,Adult,60,0.19,SCMS from RDC,N/A - From RDC,See DN-1234 (ID#:11970)
772,ASN-3653,Atripla,Nigeria,08-Apr-09,08-Apr-09,600/200/300mg,Tablet - FDC,Yes,Freight Included in Commodity Cost,Direct Drop,"Efavirenz/Emtricitabine/Tenofovir Disoproxil Fumarate 600/200/300mg [Atripla], tablets, 30 Tabs",0.89,9,453.6,PMO - US,"MSD, Haarlem, NL",Efavirenz/Emtricitabine/Tenofovir Disoproxil Fumarate,50.4,03-06-09,SCMS-30502,Pre-PQ Process,Pre-PQ Process,ARV,131-NG-T01,10-Mar-09,Air,Adult,30,1.68,MERCK SHARP & DOHME IDEA GMBH (FORMALLY MERCK SHARP & DOHME B.V.),CIP,Weight Captured Separately
12662,DN-174,Viread,CÃte dIvoire,08-Jun-07,08-Jun-07,300mg,Tablet,Yes,1388,From RDC,"Tenofovir Disoproxil Fumarate 300mg [Viread], tablets, 30 Tabs",MIssing,621,10557.0,PMO - US,Gilead(Nycomed) Oranienburg DE,Tenofovir Disoproxil Fumarate,17.0,N/A - From RDC,SO-641,Pre-PQ Process,Pre-PQ Process,ARV,104-CI-T01,08-Jun-07,MIssing,Adult,30,0.57,SCMS from RDC,N/A - From RDC,40
7735,ASN-3732,Epivir,South Africa,21-Jan-09,21-Jan-09,10mg/ml,Oral solution,No,Freight Included in Commodity Cost,Direct Drop,"Lamivudine 10mg/ml [Epivir], oral solution, Bottle, 240 ml",3.49,350,1781.5,PMO - US,GSK Mississauga (Canada),Lamivudine,5.09,Date Not Captured,SCMS-41190,Pre-PQ Process,Pre-PQ Process,ARV,116-ZA-T01,30-Mar-09,Air,Pediatric,240,0.02,S. BUYS WHOLESALER,DDP,Weight Captured Separately
8005,ASN-281,Stat-Pak,Guyana,27-Mar-07,27-Mar-07,MIssing,Test kit,Yes,378.6,Direct Drop,"HIV 1/2, Stat-Pak HIV, Kit, 20 Tests",MIssing,50,1350.0,PMO - US,Chembio Diagnostics Sys. Inc.,"HIV 1/2, Stat-Pak HIV, Kit",27.0,03-01-07,SCMS-433,Pre-PQ Process,Pre-PQ Process,HRDT,102-GY-T01,27-Mar-07,Air,HIV test,20,1.35,"CHEMBIO DIAGNOSTIC SYSTEMS, INC.",EXW,18
11376,DN-127,Generic,Tanzania,06-Jun-07,06-Jun-07,150/300mg,Tablet - FDC,Yes,13820.4,From RDC,"Lamivudine/Zidovudine 150/300mg, tablets, 60 Tabs",MIssing,28512,304508.16,PMO - US,"Aurobindo Unit III, India",Lamivudine/Zidovudine,10.68,N/A - From RDC,SO-422,Pre-PQ Process,Pre-PQ Process,ARV,109-TZ-T01,06-Jun-07,Air,Adult,60,0.18,SCMS from RDC,N/A - From RDC,2630
11806,DN-426,Generic,Mozambique,29-Nov-07,29-Nov-07,150/200/30mg,Tablet - FDC,No,See DN-426 (ID#:10633),From RDC,"Lamivudine/Nevirapine/Stavudine 150/200/30mg, tablets, 60 Tabs",355.2,30000,222000.0,PMO - US,"Cipla, Goa, India",Lamivudine/Nevirapine/Stavudine,7.4,N/A - From RDC,SO-1038,Pre-PQ Process,Pre-PQ Process,ARV,111-MZ-T01,29-Nov-07,Air,Adult,60,0.12,SCMS from RDC,N/A - From RDC,See DN-426 (ID#:10633)
12267,DN-1091,Generic,Ethiopia,18-Feb-09,18-Feb-09,150/300mg,Tablet - FDC,Yes,1719.65,From RDC,"Lamivudine/Zidovudine 150/300mg, tablets, 60 Tabs",85.85,5000,43800.0,PMO - US,Mylan (formerly Matrix) Nashik,Lamivudine/Zidovudine,8.76,N/A - From RDC,SO-22190,Pre-PQ Process,Pre-PQ Process,ARV,117-ET-T01,18-Feb-09,Air,Adult,60,0.15,SCMS from RDC,N/A - From RDC,403
6546,ASN-4488,Videx,Vietnam,28-Jul-09,28-Jul-09,25mg,Chewable/dispersible tablet,No,See ASN-4488 (ID#:1213),Direct Drop,"Didanosine 25mg [Videx], chewable tablets, 60 Tabs",4.39,320,2240.0,PMO - US,"BMS Meymac, France",Didanosine,7.0,5/27/09,SCMS-46550,Pre-PQ Process,Pre-PQ Process,ARV,108-VN-T01,28-Jul-09,Air,Pediatric,60,0.12,BRISTOL-MYERS SQUIBB,CIP,See ASN-4488 (ID#:1213)
11565,DN-1082,Generic,Uganda,03-Mar-09,03-Mar-09,300mg,Tablet,Yes,978.92,From RDC,"Zidovudine 300mg, tablets, 60 Tabs",0.77,50,395.0,PMO - US,"Aurobindo Unit III, India",Zidovudine,7.9,N/A - From RDC,SO-17790,Pre-PQ Process,Pre-PQ Process,ARV,114-UG-T01,03-Mar-09,Air,Adult,60,0.13,SCMS from RDC,N/A - From RDC,3
10694,DN-616,Uni-Gold,Namibia,05-Mar-08,05-Mar-08,MIssing,Test kit,Yes,5491.08,From RDC,"HIV 1/2, Uni-Gold HIV Kit, 20 Tests",37.73,737,23584.0,PMO - US,"Trinity Biotech, Plc","HIV 1/2, Uni-Gold HIV Kit",32.0,N/A - From RDC,SO-1131,Pre-PQ Process,Pre-PQ Process,HRDT,119-NA-T01,05-Mar-08,Air,HIV test,20,1.6,SCMS from RDC,N/A - From RDC,231
11619,DN-1110,Generic,Ethiopia,04-Mar-09,04-Mar-09,150/300/200mg,Tablet - FDC,Yes,14538.36,From RDC,"Lamivudine/Nevirapine/Zidovudine 150/200/300mg, tablets, 60 Tabs",638.06,27588,325538.4,PMO - US,"Aurobindo Unit III, India",Lamivudine/Nevirapine/Zidovudine,11.8,N/A - From RDC,SO-22040,Pre-PQ Process,Pre-PQ Process,ARV,117-ET-T01,04-Mar-09,Air,Adult,60,0.2,SCMS from RDC,N/A - From RDC,3146
11715,DN-128,Determine,Guyana,07-Jun-07,07-Jun-07,MIssing,Test kit,Yes,944.67,From RDC,"HIV 1/2, Determine Complete HIV Kit, 100 Tests",MIssing,100,8000.0,PMO - US,ABBVIE GmbH & Co.KG Wiesbaden,"HIV 1/2, Determine Complete HIV Kit",80.0,N/A - From RDC,SO-509,Pre-PQ Process,Pre-PQ Process,HRDT,102-GY-T01,07-Jun-07,MIssing,HIV test,100,0.8,SCMS from RDC,N/A - From RDC,32
10395,ASN-4322,OraQuick,Haiti,06-Jul-09,06-Jul-09,MIssing,Test kit,Yes,4185.29,Direct Drop,"HIV 1/2, OraQuick Advance HIV Rapid Antibody Kit, 100 Tests",41.16,60,21000.0,PMO - US,"Pacific Biotech, Thailand","HIV 1/2, OraQuick Advance HIV Rapid Antibody Kit",350.0,04-02-09,SCMS-42710,Pre-PQ Process,Pre-PQ Process,HRDT,106-HT-T01,06-Jul-09,Air,HIV test,100,3.5,Orasure Technologies Inc.,EXW,144
10951,DN-761,Generic,CÃte dIvoire,02-Jun-08,02-Jun-08,20mg,Capsule,Yes,8787.28,From RDC,"Stavudine 20mg, capsules, 60 Caps",3.02,1080,1890.0,PMO - US,"Aurobindo Unit III, India",Stavudine,1.75,N/A - From RDC,SO-2045,Pre-PQ Process,Pre-PQ Process,ARV,104-CI-T01,02-Jun-08,Air,Adult,60,0.03,SCMS from RDC,N/A - From RDC,4668
11058,DN-1302,Generic,Guyana,18-Jun-09,18-Jun-09,300mg,Tablet,Yes,1000.51,From RDC,"Zidovudine 300mg, tablets, 60 Tabs",12.24,810,6245.1,PMO - US,"Aurobindo Unit III, India",Zidovudine,7.71,N/A - From RDC,SO-25161,Pre-PQ Process,Pre-PQ Process,ARV,105-GY-T01,18-Jun-09,Air,Adult,60,0.13,SCMS from RDC,N/A - From RDC,47
2297,ASN-3561,Generic,Vietnam,07-Apr-09,07-Apr-09,150mg,Tablet,Yes,9809.7,Direct Drop,"Lamivudine 150mg, tablets, 60 Tabs",42.34,9000,21600.0,PMO - US,"Aurobindo Unit III, India",Lamivudine,2.4,1/16/09,SCMS-37160,Pre-PQ Process,Pre-PQ Process,ARV,108-VN-T01,07-Apr-09,Air,Adult,60,0.04,Aurobindo Pharma Limited,EXW,2228
11661,DN-1303,Generic,Uganda,14-Aug-09,14-Aug-09,200mg,Tablet,Yes,11206.84,From RDC,"Nevirapine 200mg, tablets, 60 Tabs",16.17,2844,8247.6,PMO - US,"Aurobindo Unit III, India",Nevirapine,2.9,N/A - From RDC,SO-32120,Pre-PQ Process,Date Not Captured,ARV,114-UG-T01,14-Aug-09,Air,Adult,60,0.05,SCMS from RDC,N/A - From RDC,1587
8463,ASN-2293,Zerit,South Africa,08-May-08,08-May-08,40mg,Capsule,No,Freight Included in Commodity Cost,Direct Drop,"Stavudine 40mg [Zerit], capsules, 60 Caps",0.83,100,517.0,PMO - US,"BMS Meymac, France",Stavudine,5.17,Date Not Captured,SCMS-23500,Pre-PQ Process,Pre-PQ Process,ARV,116-ZA-T01,20-Aug-08,Truck,Adult,60,0.09,S. BUYS WHOLESALER,DDP,Weight Captured Separately
11902,DN-776,Generic,Nigeria,03-Jun-08,03-Jun-08,10mg/ml,Oral solution,Yes,1988.9,From RDC,"Lamivudine 10mg/ml, oral solution, Bottle, 240 ml",3.07,1000,1920.0,PMO - US,"Aurobindo Unit III, India",Lamivudine,1.92,N/A - From RDC,SO-2731,Pre-PQ Process,Pre-PQ Process,ARV,112-NG-T01,03-Jun-08,Truck,Pediatric,240,0.01,SCMS from RDC,N/A - From RDC,346
7093,ASN-1833,Uni-Gold,Botswana,03-Jul-08,03-Jul-08,MIssing,Test kit,Yes,2442.32,Direct Drop,"HIV 1/2, Uni-Gold HIV Kit, 20 Tests",25.6,500,16000.0,PMO - US,"Trinity Biotech, Plc","HIV 1/2, Uni-Gold HIV Kit",32.0,4/28/08,SCMS-22710,Pre-PQ Process,Pre-PQ Process,HRDT,102-BW-T01,03-Jul-08,Air,HIV test,20,1.6,"Trinity Biotech, Plc",EXW,500
11305,DN-918,Generic,Nigeria,02-Oct-08,02-Oct-08,150/30mg,Tablet - FDC,Yes,1181.41,From RDC,"Lamivudine/Stavudine 150/30mg, tablets, 60 Tabs",6.05,969,3779.1,PMO - US,Mylan (formerly Matrix) Nashik,Lamivudine/Stavudine,3.9,N/A - From RDC,SO-10600,Pre-PQ Process,Pre-PQ Process,ARV,130-NG-T01,02-Oct-08,Air,Adult,60,0.06,SCMS from RDC,N/A - From RDC,71
11091,DN-30,Viread,CÃte dIvoire,15-Mar-07,15-Mar-07,300mg,Tablet,Yes,1619,From RDC,"Tenofovir Disoproxil Fumarate 300mg [Viread], tablets, 30 Tabs",MIssing,528,8976.0,PMO - US,Gilead(Nycomed) Oranienburg DE,Tenofovir Disoproxil Fumarate,17.0,N/A - From RDC,SO-373,Pre-PQ Process,Pre-PQ Process,ARV,100-CI-T01,15-Mar-07,MIssing,Adult,30,0.57,SCMS from RDC,N/A - From RDC,368
12873,DN-1166,Generic,Nigeria,08-May-09,08-May-09,200mg,Capsule,No,See DN-1166 (ID#:12271),From RDC,"Efavirenz 200mg, capsule, 90 Caps",33.86,1132,17274.32,PMO - US,"Aurobindo Unit III, India",Efavirenz,15.26,N/A - From RDC,SO-22830,Pre-PQ Process,Pre-PQ Process,ARV,123-NG-T01,08-May-09,Air Charter,Pediatric,90,0.17,SCMS from RDC,N/A - From RDC,See DN-1166 (ID#:12271)
2995,ASN-1520,Truvada,South Africa,04-Jan-08,04-Jan-08,300/200mg,Tablet - FDC,No,Freight Included in Commodity Cost,Direct Drop,"Emtricitabine/Tenofovir Disoproxil Fumarate 200/300mg [Truvada], tablets, 30 Tabs",2.03,30,1271.1,PMO - US,"Aspen-OSD, Port Elizabeth, SA",Emtricitabine/Tenofovir Disoproxil Fumarate,42.37,01-04-08,SCMS-16600,Pre-PQ Process,Pre-PQ Process,ARV,116-ZA-T01,21-Jan-08,MIssing,Adult,30,1.41,"JSI R&T INSTITUTE, INC.",DDP,Weight Captured Separately
1307,ASN-259,Genie,Nigeria,30-Mar-07,30-Mar-07,MIssing,Test kit,Yes,4445.75,Direct Drop,"#108853** HIV, Genie II HIV-1/HIV-2 Kit, 40 Tests",MIssing,375,28500.0,PMO - US,Bio-Rad Laboratories,"HIV, Genie II HIV-1/HIV-2 Kit",76.0,Date Not Captured,SCMS-343,Pre-PQ Process,Pre-PQ Process,HRDT,102-NG-T01,15-Mar-07,Air,HIV test,40,1.9,BIO-RAD LABORATORIES (FRANCE),EXW,402
533,ASN-2293,Zerit,South Africa,08-May-08,08-May-08,1mg/ml,Powder for oral solution,No,Freight Included in Commodity Cost,Direct Drop,"Stavudine 1mg/ml [Zerit], powder for oral solution, Bottle, 200 ml",1.64,670,1025.1,PMO - US,"BMS Meymac, France",Stavudine,1.53,Date Not Captured,SCMS-23500,Pre-PQ Process,Pre-PQ Process,ARV,116-ZA-T01,20-Aug-08,Truck,Pediatric,200,0.01,S. BUYS WHOLESALER,DDP,Weight Captured Separately
13544,ASN-29074,Kaletra,CÃte dIvoire,03-Nov-14,07-Nov-14,80/20mg/ml,Oral solution,Yes,6523.85,Direct Drop,"Lopinavir/Ritonavir 80/20mg/ml [Kaletra], oral solution, cool, Bottle 5 x 60 ml",15.84,500,15410.0,PMO - US,ABBVIE (Abbott) Logis. UK,Lopinavir/Ritonavir,30.82,7/31/14,SCMS-246550,FPQ-14372,06-03-14,ARV,104-CI-T30,03-Nov-14,Air,Pediatric,300,0.1,ABBVIE LOGISTICS (FORMERLY ABBOTT LOGISTICS BV),FCA,505
10499,ASN-4837,Generic,South Africa,03-Aug-09,03-Aug-09,30mg,Capsule,No,Freight Included in Commodity Cost,Direct Drop,"Stavudine 30mg, capsules, 60 Caps",4.82,700,2457.0,PMO - US,"Aurobindo Unit III, India",Stavudine,3.51,06-05-09,SCMS-47051,Pre-PQ Process,Pre-PQ Process,ARV,116-ZA-T01,12-Oct-09,Truck,Adult,60,0.06,S. BUYS WHOLESALER,DDP,Weight Captured Separately
4192,ASN-1028,Uni-Gold,Rwanda,10-Jan-08,10-Jan-08,MIssing,Test kit,No,See ASN-1028 (ID#:2927),Direct Drop,"HIV 1/2, Uni-Gold HIV Kit, 20 Tests",125.44,2450,78400.0,PMO - US,"Trinity Biotech, Plc","HIV 1/2, Uni-Gold HIV Kit",32.0,11/16/07,SCMS-14140,Pre-PQ Process,Pre-PQ Process,HRDT,107-RW-T01,10-Jan-08,Air,HIV test,20,1.6,"Trinity Biotech, Plc",EXW,See ASN-1028 (ID#:2927)
12859,DN-1061,Generic,Ethiopia,29-Jan-09,29-Jan-09,600mg,Tablet,No,See DN-1061 (ID#:11019),From RDC,"Efavirenz 600mg, tablets, 30 Tabs",240.39,11549,122650.38,PMO - US,"Aurobindo Unit III, India",Efavirenz,10.62,N/A - From RDC,SO-22010,Pre-PQ Process,Pre-PQ Process,ARV,117-ET-T01,29-Jan-09,Air,Adult,30,0.35,SCMS from RDC,N/A - From RDC,See DN-1061 (ID#:11019)
11568,DN-998,Generic,Uganda,15-Dec-08,15-Dec-08,200mg,Tablet,Yes,5698.01,From RDC,"Nevirapine 200mg, tablets, 60 Tabs",15.82,2523,8073.6,PMO - US,Hetero Unit III Hyderabad IN,Nevirapine,3.2,N/A - From RDC,SO-17770,Pre-PQ Process,Pre-PQ Process,ARV,114-UG-T01,15-Dec-08,Truck,Adult,60,0.05,SCMS from RDC,N/A - From RDC,585
10765,DN-1216,Truvada,Nigeria,08-May-09,08-May-09,300/200mg,Tablet - FDC,Yes,15128.37,From RDC,"Emtricitabine/Tenofovir Disoproxil Fumarate 200/300mg [Truvada], tablets, 30 Tabs",131.76,2561,67226.25,PMO - US,"Aspen-OSD, Port Elizabeth, SA",Emtricitabine/Tenofovir Disoproxil Fumarate,26.25,N/A - From RDC,SO-30020,Pre-PQ Process,Pre-PQ Process,ARV,151-NG-T01,08-May-09,Air Charter,Adult,30,0.88,SCMS from RDC,N/A - From RDC,235
1973,ASN-2747,Stat-Pak,Ethiopia,03-Nov-08,03-Nov-08,MIssing,Test kit,Yes,7303.25,Direct Drop,"HIV 1/2, Stat-Pak HIV, Kit, 20 Tests",210.73,3982,107514.0,PMO - US,Chembio Diagnostics Sys. Inc.,"HIV 1/2, Stat-Pak HIV, Kit",27.0,7/30/08,SCMS-27800,Pre-PQ Process,Pre-PQ Process,HRDT,117-ET-T01,03-Nov-08,Air,HIV test,20,1.35,"CHEMBIO DIAGNOSTIC SYSTEMS, INC.",EXW,1445
9054,ASN-4386,Epivir,South Africa,21-Apr-09,21-Apr-09,150mg,Tablet,No,Freight Included in Commodity Cost,Direct Drop,"Lamivudine 150mg [Epivir], tablets, 60 Tabs",31.52,3000,16080.0,PMO - US,GSK Cape Town Factory (South Africa),Lamivudine,5.36,3/27/09,SCMS-41585,Pre-PQ Process,Pre-PQ Process,ARV,116-ZA-T01,25-Jun-09,Air,Adult,60,0.09,S. BUYS WHOLESALER,DDP,Weight Captured Separately
7990,ASN-207,Stat-Pak,Nigeria,05-Mar-07,05-Mar-07,MIssing,Test kit,Yes,4474.15,Direct Drop,"HIV 1/2, Stat-Pak HIV, Kit, 20 Tests",MIssing,2496,67392.0,PMO - US,Chembio Diagnostics Sys. Inc.,"HIV 1/2, Stat-Pak HIV, Kit",27.0,Date Not Captured,SCMS-344,Pre-PQ Process,Pre-PQ Process,HRDT,102-NG-T01,15-Mar-07,Air,HIV test,20,1.35,"CHEMBIO DIAGNOSTIC SYSTEMS, INC.",EXW,702
1675,ASN-1665,Viread,South Africa,24-Apr-08,24-Apr-08,300mg,Tablet,No,Freight Included in Commodity Cost,Direct Drop,"Tenofovir Disoproxil Fumarate 300mg [Viread], tablets, 30 Tabs",17.48,500,10925.0,PMO - US,"Aspen-OSD, Port Elizabeth, SA",Tenofovir Disoproxil Fumarate,21.85,2/20/08,SCMS-19800,Pre-PQ Process,Pre-PQ Process,ARV,116-ZA-T01,24-Apr-08,Truck,Adult,30,0.73,S. BUYS WHOLESALER,DDP,Weight Captured Separately
11175,DN-327,Generic,CÃte dIvoire,10-Sep-07,10-Sep-07,10mg/ml,Oral solution,No,See DN-327 (ID#:10883),From RDC,"Zidovudine 10mg/ml, oral solution, Bottle, 240 ml",14.74,4286,9214.9,PMO - US,"Aurobindo Unit III, India",Zidovudine,2.15,N/A - From RDC,SO-972,Pre-PQ Process,Pre-PQ Process,ARV,104-CI-T01,10-Sep-07,MIssing,Pediatric,240,0.01,SCMS from RDC,N/A - From RDC,See DN-327 (ID#:10883)
5052,ASN-3732,Invirase,South Africa,21-Jan-09,21-Jan-09,200mg,Capsule,No,Freight Included in Commodity Cost,Direct Drop,"Saquinavir 200mg [Invirase], capsules, 270 Caps",3.09,28,1578.92,PMO - US,Roche Basel,Saquinavir,56.39,Date Not Captured,SCMS-41190,Pre-PQ Process,Pre-PQ Process,ARV,116-ZA-T01,30-Mar-09,Air,Adult,270,0.21,S. BUYS WHOLESALER,DDP,Weight Captured Separately
10943,DN-593,Generic,Ethiopia,05-Feb-08,05-Feb-08,300mg,Tablet,Yes,3787.32,From RDC,"Zidovudine 300mg, tablets, 60 Tabs",130.4,10000,81500.0,PMO - US,"Aurobindo Unit III, India",Zidovudine,8.15,N/A - From RDC,SO-1719,Pre-PQ Process,Pre-PQ Process,ARV,117-ET-T01,05-Feb-08,Air,Adult,60,0.14,SCMS from RDC,N/A - From RDC,574
12839,DN-907,Norvir,Ethiopia,16-Sep-08,16-Sep-08,100mg,Capsule,Yes,505,From RDC,"Ritonavir 100mg [Norvir], capsules, cool, 4 x 84 Caps",0.86,14,537.04,PMO - US,ABBVIE (Abbott) Logis. UK,Ritonavir,38.36,N/A - From RDC,SO-14230,Pre-PQ Process,Pre-PQ Process,ARV,117-ET-T01,16-Sep-08,Truck,Adult,336,0.11,SCMS from RDC,N/A - From RDC,25
11555,DN-813,Generic,Zimbabwe,26-Jul-08,26-Jul-08,600mg,Tablet,No,See DN-813 (ID#:10979),From RDC,"Efavirenz 600mg, tablets, 30 Tabs",76.86,4000,48040.0,PMO - US,"Aurobindo Unit III, India",Efavirenz,12.01,N/A - From RDC,SO-2502,Pre-PQ Process,Pre-PQ Process,ARV,113-ZW-T01,26-Jul-08,Truck,Adult,30,0.4,SCMS from RDC,N/A - From RDC,See DN-813 (ID#:10979)
1358,ASN-781,Generic,Vietnam,15-Oct-07,15-Oct-07,10mg/ml,Oral solution,No,See ASN-781 (ID#:115),Direct Drop,"Zidovudine 10mg/ml, oral solution, Bottle, 240 ml",3.36,1000,2100.0,PMO - US,"Aurobindo Unit III, India",Zidovudine,2.1,07-04-07,SCMS-753,Pre-PQ Process,Pre-PQ Process,ARV,108-VN-T01,15-Oct-07,Air,Pediatric,240,0.01,Aurobindo Pharma Limited,EXW,See ASN-781 (ID#:115)
12358,DN-156,Generic,Rwanda,05-Jun-07,05-Jun-07,150mg,Tablet,Yes,2520.47,From RDC,"Lamivudine 150mg, tablets, 60 Tabs",MIssing,3431,11356.61,PMO - US,"Ranbaxy, Paonta Shahib, India",Lamivudine,3.31,N/A - From RDC,SO-602,Pre-PQ Process,Pre-PQ Process,ARV,107-RW-T01,05-Jun-07,Air,Adult,60,0.06,SCMS from RDC,N/A - From RDC,216
12482,DN-798,Generic,Zimbabwe,30-Jul-08,30-Jul-08,150/200/30mg,Tablet - FDC,Yes,2705.71,From RDC,"Lamivudine/Nevirapine/Stavudine 150/200/30mg, tablets, 60 Tabs",115.23,9732,72016.8,PMO - US,"Cipla, Goa, India",Lamivudine/Nevirapine/Stavudine,7.4,N/A - From RDC,SO-2790,Pre-PQ Process,Pre-PQ Process,ARV,113-ZW-T01,30-Jul-08,Truck,Adult,60,0.12,SCMS from RDC,N/A - From RDC,911
11300,DN-1058,Generic,Nigeria,19-Jan-09,19-Jan-09,150/300mg,Tablet - FDC,No,See DN-1058 (ID#:11015),From RDC,"Lamivudine/Zidovudine 150/300mg, tablets, 60 Tabs",824.67,45000,420750.0,PMO - US,"Aurobindo Unit III, India",Lamivudine/Zidovudine,9.35,N/A - From RDC,SO-19060,Pre-PQ Process,Pre-PQ Process,ARV,123-NG-T01,19-Jan-09,Air,Adult,60,0.16,SCMS from RDC,N/A - From RDC,See DN-1058 (ID#:11015)
6404,ASN-3732,Stocrin/Sustiva,South Africa,21-Jan-09,21-Jan-09,600mg,Tablet,No,Freight Included in Commodity Cost,Direct Drop,"Efavirenz 600mg [Stocrin/Sustiva], tablets, 30 Tabs",52.18,1600,26624.0,PMO - US,"MSD Midrand, Jburg, SA",Efavirenz,16.64,Date Not Captured,SCMS-41190,Pre-PQ Process,Pre-PQ Process,ARV,116-ZA-T01,30-Mar-09,Air,Adult,30,0.55,S. BUYS WHOLESALER,DDP,Weight Captured Separately
9033,ASN-3637,Generic,South Africa,22-Jan-09,22-Jan-09,10mg/ml,Oral solution,No,Freight Included in Commodity Cost,Direct Drop,"Lamivudine 10mg/ml, oral solution, Bottle, 240 ml",10.67,1500,5445.0,PMO - US,"Aurobindo Unit III, India",Lamivudine,3.63,Date Not Captured,SCMS-41080,Pre-PQ Process,Pre-PQ Process,ARV,116-ZA-T01,26-May-09,Air,Pediatric,240,0.02,S. BUYS WHOLESALER,DDP,Weight Captured Separately
712,ASN-2450,Uni-Gold,Namibia,18-Sep-08,18-Sep-08,MIssing,Test kit,Yes,Invoiced Separately,Direct Drop,"HIV 1/2, Uni-Gold HIV Kit, 20 Tests",0.51,10,320.0,PMO - US,"Trinity Biotech, Plc","HIV 1/2, Uni-Gold HIV Kit",32.0,8/26/08,SCMS-28840,Pre-PQ Process,Pre-PQ Process,HRDT,119-NA-T01,18-Sep-08,Air,HIV test,20,1.6,"Trinity Biotech, Plc",EXW,Weight Captured Separately
9255,ASN-56,Generic,Vietnam,03-Oct-06,03-Oct-06,300mg,Tablet,Yes,7878.06,Direct Drop,"Abacavir 300mg, tablets, 60 Tabs",MIssing,1000,44500.0,PMO - US,"Aurobindo Unit III, India",Abacavir,44.5,Date Not Captured,SCMS-77,Pre-PQ Process,Pre-PQ Process,ARV,108-VN-T01,03-Oct-06,Air,Adult,60,0.74,Aurobindo Pharma Limited,EXW,91
10953,DN-800,Crixivan,Nigeria,19-Jun-08,19-Jun-08,400mg,Capsule,Yes,5226.6,From RDC,"Indinavir 400mg [Crixivan], capsules, 180 Caps",1.6,20,1000.0,PMO - US,"MSD, Haarlem, NL",Indinavir,50.0,N/A - From RDC,SO-2726,Pre-PQ Process,Pre-PQ Process,ARV,112-NG-T01,19-Jun-08,Air,Adult,180,0.28,SCMS from RDC,N/A - From RDC,1024
10936,DN-574,Generic,Ethiopia,31-Jan-08,31-Jan-08,200mg,Tablet,Yes,2724.27,From RDC,"Nevirapine 200mg, tablets, 60 Tabs",40.86,7511,25537.4,PMO - US,"Ranbaxy, Paonta Shahib, India",Nevirapine,3.4,N/A - From RDC,SO-1532,Pre-PQ Process,Pre-PQ Process,ARV,117-ET-T01,31-Jan-08,Air,Adult,60,0.06,SCMS from RDC,N/A - From RDC,732
7975,ASN-129,Generic,Uganda,22-Dec-06,22-Dec-06,150/300+200mg,Tablet - FDC + co-blister,Yes,1262.91,Direct Drop,"Lamivudine/Zidovudine+Nevirapine 150/300+200mg, tablets, co-blister, 60+60 Tabs",MIssing,1270,26670.0,PMO - US,"Aspen-OSD, Port Elizabeth, SA",Lamivudine/Zidovudine+Nevirapine,21.0,Date Not Captured,SCMS-176,Pre-PQ Process,Pre-PQ Process,ARV,114-UG-T01,22-Dec-06,Air,Adult,120,0.18,ASPEN PHARMACARE,EXW,201
11532,DN-732,Generic,Pakistan,19-May-08,19-May-08,MIssing,Test kit - Ancillary,No,See DN-732 (ID#:10675),From RDC,"HIV, Lancet, Safety, for HIV Test kits, 100 Pcs",0,20,0.2,PMO - US,Inverness Japan,"HIV, Lancet, Safety, for HIV Test kits, 100 Pcs",0.01,N/A - From RDC,SO-2496,Pre-PQ Process,Pre-PQ Process,HRDT,100-PK-T01,19-May-08,Air,HIV test - Ancillary,100,0.0,SCMS from RDC,N/A - From RDC,See DN-732 (ID#:10675)
9000,ASN-3743,Generic,Haiti,21-Apr-09,21-Apr-09,300mg,Tablet,Yes,806.55,Direct Drop,"Tenofovir Disoproxil Fumarate 300mg, tablets, 30 Tabs",9.88,560,5040.0,PMO - US,Mylan (formerly Matrix) Nashik,Tenofovir Disoproxil Fumarate,9.0,03-06-09,SCMS-40050,Pre-PQ Process,Pre-PQ Process,ARV,106-HT-T01,21-Apr-09,Air,Adult,30,0.3,MYLAN LABORATORIES LTD (FORMERLY MATRIX LABORATORIES),EXW,32050
11512,DN-421,Invirase,CÃte dIvoire,17-Jan-08,17-Jan-08,200mg,Capsule,No,See DN-421 (ID#:10919),From RDC,"Saquinavir 200mg [Invirase], capsules, 270 Caps",41.77,332,26108.48,PMO - US,Roche Basel,Saquinavir,78.64,N/A - From RDC,SO-971,Pre-PQ Process,Pre-PQ Process,ARV,104-CI-T01,17-Jan-08,Air,Adult,270,0.29,SCMS from RDC,N/A - From RDC,See DN-421 (ID#:10919)
7719,ASN-3607,Generic,South Africa,28-Nov-08,28-Nov-08,10mg/ml,Oral solution,No,Freight Included in Commodity Cost,Direct Drop,"Zidovudine 10mg/ml, oral solution, Bottle, 240 ml",3.98,540,2030.4,PMO - US,"Aurobindo Unit III, India",Zidovudine,3.76,Date Not Captured,SCMS-40780,Pre-PQ Process,Pre-PQ Process,ARV,116-ZA-T01,17-Mar-09,Air,Pediatric,240,0.02,S. BUYS WHOLESALER,DDP,Weight Captured Separately
12178,DN-837,Generic,Haiti,01-Aug-08,01-Aug-08,150/300mg,Tablet - FDC,Yes,11572,From RDC,"Lamivudine/Zidovudine 150/300mg, tablets, 60 Tabs",253.29,16752,158306.4,PMO - US,"Aurobindo Unit III, India",Lamivudine/Zidovudine,9.45,N/A - From RDC,SO-2595,Pre-PQ Process,Pre-PQ Process,ARV,106-HT-T01,01-Aug-08,Air,Adult,60,0.16,SCMS from RDC,N/A - From RDC,1580
12447,DN-537,Generic,Ethiopia,25-Dec-07,25-Dec-07,200mg,Tablet,Yes,8332,From RDC,"Nevirapine 200mg, tablets, 60 Tabs",69.33,12745,43333.0,PMO - US,"Aurobindo Unit III, India",Nevirapine,3.4,N/A - From RDC,SO-1530,Pre-PQ Process,Pre-PQ Process,ARV,117-ET-T01,20-Dec-07,Air,Adult,60,0.06,SCMS from RDC,N/A - From RDC,1197
11341,DN-1345,Generic,Nigeria,04-Aug-09,04-Aug-09,150/300/200mg,Tablet - FDC,Yes,7445.8,From RDC,"Lamivudine/Nevirapine/Zidovudine 150/200/300mg, tablets, 60 Tabs",937.29,41948,478207.2,PMO - US,"Aurobindo Unit III, India",Lamivudine/Nevirapine/Zidovudine,11.4,N/A - From RDC,SO-32643,Pre-PQ Process,Date Not Captured,ARV,151-NG-T01,04-Aug-09,Air Charter,Adult,60,0.19,SCMS from RDC,N/A - From RDC,4724
12981,ASN-19428,Determine,South Sudan,16-Aug-13,16-Aug-13,MIssing,Test kit,Yes,1434.98,Direct Drop,"HIV 1/2, Determine Complete HIV Kit, 100 Tests",9.91,90,8010.0,PMO - US,"Alere Medical Co., Ltd.","HIV 1/2, Determine Complete HIV Kit",89.0,04-01-13,SCMS-181400,FPQ-11754,2/22/13,HRDT,105-SS-T30,16-Aug-13,Air,HIV test,100,0.89,"Orgenics, Ltd",EXW,39
7607,ASN-3561,Generic,Vietnam,07-Apr-09,07-Apr-09,150/300mg,Tablet - FDC,No,See ASN-3561 (ID#:2297),Direct Drop,"Lamivudine/Zidovudine 150/300mg, tablets, 60 Tabs",68.04,4032,34715.52,PMO - US,"Aurobindo Unit III, India",Lamivudine/Zidovudine,8.61,1/16/09,SCMS-37160,Pre-PQ Process,Pre-PQ Process,ARV,108-VN-T01,07-Apr-09,Air,Adult,60,0.14,Aurobindo Pharma Limited,EXW,See ASN-3561 (ID#:2297)
10745,DN-917,Generic,Nigeria,24-Sep-08,24-Sep-08,150mg,Tablet,Yes,13353.34,From RDC,"Lamivudine 150mg, tablets, 60 Tabs",4.72,1017,2949.3,PMO - US,"Aurobindo Unit III, India",Lamivudine,2.9,N/A - From RDC,SO-2728,Pre-PQ Process,Pre-PQ Process,ARV,112-NG-T01,24-Sep-08,Air,Adult,60,0.05,SCMS from RDC,N/A - From RDC,892
1198,ASN-4659,Clearview,Namibia,01-Sep-09,01-Sep-09,MIssing,Test kit,Yes,401.97,Direct Drop,"HIV 1/2, Clearview Complete Kit, 25 Tests",9.85,67,5025.0,PMO - US,Chembio Diagnostics Sys. Inc.,"HIV 1/2, Clearview Complete Kit",75.0,5/18/09,SCMS-46120,Pre-PQ Process,Pre-PQ Process,HRDT,119-NA-T01,01-Sep-09,Air,HIV test,25,3.0,"Orgenics, Ltd",EXW,48
11351,DN-1395,Generic,Mozambique,07-Oct-09,07-Oct-09,600mg,Tablet,No,See DN-1395 (ID#:11350),From RDC,"Efavirenz 600mg, tablets, 30 Tabs",165.02,8662,84194.64,PMO - US,Mylan (formerly Matrix) Nashik,Efavirenz,9.72,N/A - From RDC,SO-32560,Pre-PQ Process,Date Not Captured,ARV,111-MZ-T01,07-Oct-09,Truck,Adult,30,0.32,SCMS from RDC,N/A - From RDC,See DN-1395 (ID#:11350)
3097,ASN-1888,Generic,Vietnam,20-Jun-08,20-Jun-08,30mg,Capsule,Yes,2879.96,Direct Drop,"Stavudine 30mg, capsules, 60 Caps",5.95,2464,3720.64,PMO - US,"Strides, Bangalore, India.",Stavudine,1.51,3/31/08,SCMS-20450,Pre-PQ Process,Pre-PQ Process,ARV,108-VN-T01,20-Jun-08,Air,Adult,60,0.03,STRIDES ARCOLAB LIMITED,EXW,114
10930,DN-507,Generic,Zambia,08-Jan-08,08-Jan-08,600mg,Tablet,Yes,14199.3,From RDC,"Efavirenz 600mg, tablets, 30 Tabs",1561.9,50061,976189.5,PMO - US,Mylan (formerly Matrix) Nashik,Efavirenz,19.5,N/A - From RDC,SO-993,Pre-PQ Process,Pre-PQ Process,ARV,110-ZM-T01,08-Jan-08,MIssing,Adult,30,0.65,SCMS from RDC,N/A - From RDC,3946
797,ASN-3172,Bioline,Zambia,23-Jan-09,23-Jan-09,MIssing,Test kit,Yes,1122.24,Direct Drop,"HIV 1/2, Bioline 3.0 Kit, Lancets, Capillary pipets, Alcohol swabs included, 25 Tests",12.5,319,6380.0,PMO - US,"Standard Diagnostics, Korea","HIV 1/2, Bioline 3.0 Kit, Lancets, Capillary pipets, Alcohol swabs included",20.0,10-02-08,SCMS-31380,Pre-PQ Process,Pre-PQ Process,HRDT,110-ZM-T01,23-Jan-09,Air,HIV test,25,0.8,"Standard Diagnostics, Inc.",EXW,100
13761,ASN-16055,Norvir,Vietnam,03-Oct-12,03-Oct-12,100mg,Tablet,Yes,583.66,Direct Drop,"Ritonavir 100mg [Norvir], film coated tablets, 30 Tabs",5.67,174,4047.24,PMO - US,ABBVIE Ludwigshafen Germany,Ritonavir,23.26,6/15/12,SCMS-145320,FPQ-9576,04-11-12,ARV,108-VN-T30,03-Oct-12,Air,Adult,30,0.78,ABBVIE LOGISTICS (FORMERLY ABBOTT LOGISTICS BV),FCA,21
12579,DN-1234,Generic,CÃte dIvoire,11-Jun-09,11-Jun-09,150mg,Tablet,No,See DN-1234 (ID#:11970),From RDC,"Lamivudine 150mg, tablets, 60 Tabs",81.78,17100,41724.0,PMO - US,"Aurobindo Unit III, India",Lamivudine,2.44,N/A - From RDC,SO-27520,Pre-PQ Process,Pre-PQ Process,ARV,104-CI-T01,11-Jun-09,Air,Adult,60,0.04,SCMS from RDC,N/A - From RDC,See DN-1234 (ID#:11970)
12892,DN-1276,Crixivan,Nigeria,16-Jun-09,16-Jun-09,400mg,Capsule,Yes,7329.83,From RDC,"Indinavir 400mg [Crixivan], capsules, 180 Caps",39.2,400,20000.0,PMO - US,"MSD, Haarlem, NL",Indinavir,50.0,N/A - From RDC,SO-24480,Pre-PQ Process,Pre-PQ Process,ARV,123-NG-T01,16-Jun-09,Air Charter,Adult,180,0.28,SCMS from RDC,N/A - From RDC,89
10748,DN-986,Generic,Uganda,09-Jan-09,09-Jan-09,150/300/200mg,Tablet - FDC,Yes,7321.04,From RDC,"Lamivudine/Nevirapine/Zidovudine 150/200/300mg, tablets, 60 Tabs",145.61,6296,74292.8,PMO - US,"Aurobindo Unit III, India",Lamivudine/Nevirapine/Zidovudine,11.8,N/A - From RDC,SO-17870,Pre-PQ Process,Pre-PQ Process,ARV,114-UG-T01,09-Jan-09,Air,Adult,60,0.2,SCMS from RDC,N/A - From RDC,822
10720,DN-886,Generic,Nigeria,31-Aug-08,31-Aug-08,150/300mg,Tablet - FDC,Yes,23070.58,From RDC,"Lamivudine/Zidovudine 150/300mg, tablets, 60 Tabs",673.2,45000,420750.0,PMO - US,Mylan (formerly Matrix) Nashik,Lamivudine/Zidovudine,9.35,N/A - From RDC,SO-10810,Pre-PQ Process,Pre-PQ Process,ARV,126-NG-T01,31-Aug-08,Air,Adult,60,0.16,SCMS from RDC,N/A - From RDC,3657
1929,ASN-2488,Videx,South Africa,08-Jul-08,08-Jul-08,2g,Powder for oral solution,No,Freight Included in Commodity Cost,Direct Drop,"Didanosine 2g [Videx], powder for oral solution 10mg/ml, reconstitute to 200 ml",0.24,12,150.48,PMO - US,"BMS Meymac, France",Didanosine,12.54,Date Not Captured,SCMS-26820,Pre-PQ Process,Pre-PQ Process,ARV,116-ZA-T01,10-Jul-08,Truck,Pediatric,200,0.06,S. BUYS WHOLESALER,DDP,Weight Captured Separately
1939,ASN-2448,Generic,Zambia,22-Sep-08,22-Sep-08,MIssing,Test kit - Ancillary,Yes,7303.52,Direct Drop,"HIV, Lancet, Safety, for HIV Test kits, 100 Pcs",0.05,3000,30.0,PMO - US,Inverness Japan,"HIV, Lancet, Safety, for HIV Test kits, 100 Pcs",0.01,8/21/08,SCMS-27010,Pre-PQ Process,Pre-PQ Process,HRDT,110-ZM-T01,22-Sep-08,Air,HIV test - Ancillary,100,0.0,"Orgenics, Ltd",EXW,889
10626,DN-373,Generic,Nigeria,20-Sep-07,20-Sep-07,10mg/ml,Oral solution,No,See DN-373 (ID#:10623),From RDC,"Zidovudine 10mg/ml, oral solution, Bottle, 240 ml",10.45,1653,6529.35,PMO - US,"Aurobindo Unit III, India",Zidovudine,3.95,N/A - From RDC,SO-565,Pre-PQ Process,Pre-PQ Process,ARV,112-NG-T01,20-Sep-07,Air,Pediatric,240,0.02,SCMS from RDC,N/A - From RDC,See DN-373 (ID#:10623)
12846,DN-1147,Bioline,Pakistan,01-Apr-09,01-Apr-09,MIssing,Test kit,No,See DN-1147 (ID#:11610),From RDC,"HIV 1/2, Bioline 3.0 Kit, Lancets, Capillary pipets, Alcohol swabs included, 25 Tests",0.47,12,240.0,PMO - US,"Standard Diagnostics, Korea","HIV 1/2, Bioline 3.0 Kit, Lancets, Capillary pipets, Alcohol swabs included",20.0,N/A - From RDC,SO-22440,Pre-PQ Process,Pre-PQ Process,HRDT,100-PK-T01,01-Apr-09,Air,HIV test,25,0.8,SCMS from RDC,N/A - From RDC,See DN-1147 (ID#:11610)
10589,DN-304,Generic,Mozambique,21-Sep-07,21-Sep-07,20mg/ml,Oral solution,Yes,9869.55,From RDC,"Abacavir 20mg/ml, oral solution, Bottle, 240 ml",11.38,338,7114.9,PMO - US,"Aurobindo Unit III, India",Abacavir,21.05,N/A - From RDC,SO-298,Pre-PQ Process,Pre-PQ Process,ARV,111-MZ-T01,21-Sep-07,Air,Pediatric,240,0.09,SCMS from RDC,N/A - From RDC,9006
3992,ASN-528,Determine,Nigeria,06-Aug-07,06-Aug-07,MIssing,Test kit,Yes,3906.29,Direct Drop,"HIV 1/2, Determine Complete HIV Kit, 100 Tests",192,1500,120000.0,PMO - US,ABBVIE GmbH & Co.KG Wiesbaden,"HIV 1/2, Determine Complete HIV Kit",80.0,5/13/07,SCMS-592,Pre-PQ Process,Pre-PQ Process,HRDT,102-NG-T01,19-Jun-07,Air,HIV test,100,0.8,Abbott GmbH & Co. KG,EXW,512
5058,ASN-4614,Generic,South Africa,25-Jun-09,25-Jun-09,10mg/ml,Oral solution,Yes,Freight Included in Commodity Cost,Direct Drop,"Lamivudine 10mg/ml, oral solution, Bottle, 240 ml",1.2,108,610.2,PMO - US,"Aurobindo Unit III, India",Lamivudine,5.65,3/18/09,SCMS-41465,Pre-PQ Process,Pre-PQ Process,ARV,116-ZA-T01,25-Jun-09,Air,Pediatric,240,0.02,S. BUYS WHOLESALER,DDP,Weight Captured Separately
2328,ASN-3457,Determine,Haiti,16-Mar-09,16-Mar-09,MIssing,Test kit,Yes,3241.06,Direct Drop,"HIV 1/2, Determine HIV Kit, without Lancets, 100 Tests",230.5,1680,117600.0,PMO - US,Inverness Japan,"HIV 1/2, Determine HIV Kit, without Lancets",70.0,02-03-09,SCMS-38160,Pre-PQ Process,Pre-PQ Process,HRDT,106-HT-T01,16-Mar-09,Air,HIV test,100,0.7,"Orgenics, Ltd",EXW,382
12301,DN-1338,Generic,Nigeria,04-Aug-09,04-Aug-09,150/300/200mg,Tablet - FDC,Yes,7445.8,From RDC,"Lamivudine/Nevirapine/Zidovudine 150/200/300mg, tablets, 60 Tabs",129.6,5800,66120.0,PMO - US,"Aurobindo Unit III, India",Lamivudine/Nevirapine/Zidovudine,11.4,N/A - From RDC,SO-32644,Pre-PQ Process,Date Not Captured,ARV,151-NG-T01,04-Aug-09,Air Charter,Adult,60,0.19,SCMS from RDC,N/A - From RDC,654
11304,DN-931,Generic,Mozambique,14-Nov-08,14-Nov-08,150/200/30mg,Tablet - FDC,Yes,1012.43,From RDC,"Lamivudine/Nevirapine/Stavudine 150/200/30mg, tablets, 60 Tabs",1440.1,125009,900064.8,PMO - US,"Strides, Bangalore, India.",Lamivudine/Nevirapine/Stavudine,7.2,N/A - From RDC,SO-11070,Pre-PQ Process,Pre-PQ Process,ARV,111-MZ-T01,14-Nov-08,Truck,Adult,60,0.12,SCMS from RDC,N/A - From RDC,7910
11530,DN-783,Generic,Haiti,13-Jun-08,13-Jun-08,200mg,Tablet,Yes,19069.17,From RDC,"Nevirapine 200mg, tablets, 60 Tabs",97.07,17843,60666.2,PMO - US,"Aurobindo Unit III, India",Nevirapine,3.4,N/A - From RDC,SO-2598,Pre-PQ Process,Pre-PQ Process,ARV,106-HT-T01,13-Jun-08,Air,Adult,60,0.06,SCMS from RDC,N/A - From RDC,1667
9640,ASN-1613,Uni-Gold,Guyana,06-May-08,06-May-08,MIssing,Test kit,Yes,3740.04,Direct Drop,"HIV 1/2, Uni-Gold HIV Kit, 20 Tests",38.3,748,23936.0,PMO - US,"Trinity Biotech, Plc","HIV 1/2, Uni-Gold HIV Kit",32.0,3/13/08,SCMS-18800,Pre-PQ Process,Pre-PQ Process,HRDT,102-GY-T01,06-May-08,Air,HIV test,20,1.6,"Trinity Biotech, Plc",EXW,748
10880,DN-332,Generic,Ethiopia,04-Sep-07,04-Sep-07,30mg,Capsule,No,See DN-332 (ID#:10613),From RDC,"Stavudine 30mg, capsules, 60 Caps",35.75,14700,22344.0,PMO - US,"Aurobindo Unit III, India",Stavudine,1.52,N/A - From RDC,SO-914,Pre-PQ Process,Pre-PQ Process,ARV,117-ET-T01,04-Sep-07,MIssing,Adult,60,0.03,SCMS from RDC,N/A - From RDC,See DN-332 (ID#:10613)
10705,DN-691,Generic,Haiti,02-Apr-08,02-Apr-08,150mg,Tablet,Yes,5974.7,From RDC,"Lamivudine 150mg, tablets, 60 Tabs",47.88,10283,29923.53,PMO - US,"Aurobindo Unit III, India",Lamivudine,2.91,N/A - From RDC,SO-2057,Pre-PQ Process,Pre-PQ Process,ARV,106-HT-T01,02-Apr-08,Air,Adult,60,0.05,SCMS from RDC,N/A - From RDC,519
12004,DN-1402,Generic,Uganda,09-Sep-09,09-Sep-09,150/300/200mg,Tablet - FDC,Yes,15250.99,From RDC,"Lamivudine/Nevirapine/Zidovudine 150/200/300mg, tablets, 60 Tabs",437.13,19650,223027.5,PMO - US,"Aurobindo Unit III, India",Lamivudine/Nevirapine/Zidovudine,11.35,N/A - From RDC,SO-32930,Pre-PQ Process,Date Not Captured,ARV,114-UG-T01,09-Sep-09,Air,Adult,60,0.19,SCMS from RDC,N/A - From RDC,2237
4311,ASN-2449,Determine,CÃte dIvoire,26-Sep-08,26-Sep-08,MIssing,Test kit,Yes,4014.57,Direct Drop,"HIV 1/2, Determine HIV Kit, without Lancets, 100 Tests",124.99,1116,78120.0,PMO - US,Inverness Japan,"HIV 1/2, Determine HIV Kit, without Lancets",70.0,2/29/08,SCMS-18460,Pre-PQ Process,Pre-PQ Process,HRDT,104-CI-T01,26-Sep-08,Air,HIV test,100,0.7,"Orgenics, Ltd",EXW,256
11824,DN-495,Generic,Ethiopia,20-Dec-07,20-Dec-07,10mg/ml,Oral suspension,Yes,14554.5,From RDC,"Nevirapine 10mg/ml, oral suspension, Bottle, 240 ml",110.79,11168,69241.6,PMO - US,"Aurobindo Unit III, India",Nevirapine,6.2,N/A - From RDC,SO-1009,Pre-PQ Process,Pre-PQ Process,ARV,117-ET-T01,20-Dec-07,MIssing,Pediatric,240,0.03,SCMS from RDC,N/A - From RDC,4583
12330,DN-1584,Generic,Ethiopia,02-Dec-09,02-Dec-09,200mg,Tablet,Yes,1366.22,From RDC,"Nevirapine 200mg, tablets, 60 Tabs",27.89,4460,12934.0,PMO - US,Hetero Unit III Hyderabad IN,Nevirapine,2.9,N/A - From RDC,SO-34581,Pre-PQ Process,Date Not Captured,ARV,117-ET-T01,02-Dec-09,Air,Adult,60,0.05,SCMS from RDC,N/A - From RDC,250
11270,DN-818,Generic,Uganda,21-Aug-08,21-Aug-08,150/300mg,Tablet - FDC,Yes,1277.22,From RDC,"Lamivudine/Zidovudine 150/300mg, tablets, 60 Tabs",20.41,1350,12757.5,PMO - US,"Aurobindo Unit III, India",Lamivudine/Zidovudine,9.45,N/A - From RDC,SO-2344,Pre-PQ Process,Pre-PQ Process,ARV,114-UG-T01,21-Aug-08,Air,Adult,60,0.16,SCMS from RDC,N/A - From RDC,239
9316,ASN-582,Determine,Nigeria,06-Aug-07,06-Aug-07,MIssing,Test kit,Yes,10879.22,Direct Drop,"HIV 1/2, Determine Complete HIV Kit, 100 Tests",448,3500,280000.0,PMO - US,ABBVIE GmbH & Co.KG Wiesbaden,"HIV 1/2, Determine Complete HIV Kit",80.0,06-06-07,SCMS-694,Pre-PQ Process,Pre-PQ Process,HRDT,102-NG-T01,06-Aug-07,Air,HIV test,100,0.8,Abbott GmbH & Co. KG,EXW,1192
8209,ASN-1139,OraQuick,Kazakhstan,23-Jan-08,23-Jan-08,MIssing,Test kit,Yes,Freight Included in Commodity Cost,Direct Drop,"HIV 1/2, OraQuick Advance HIV Rapid Antibody Kit, 100 Tests",28,50,17500.0,PMO - US,"Pacific Biotech, Thailand","HIV 1/2, OraQuick Advance HIV Rapid Antibody Kit",350.0,11/30/07,SCMS-14780,Pre-PQ Process,Pre-PQ Process,HRDT,100-KZ-T01,23-Jan-08,Air,HIV test,100,3.5,Orasure Technologies Inc.,DDP,Weight Captured Separately
11409,DN-279,Generic,Mozambique,21-Sep-07,21-Sep-07,50mg,Capsule,Yes,364.51,From RDC,"Efavirenz 50mg, capsule, 30 Caps",3.12,570,1949.4,PMO - US,"Aurobindo Unit III, India",Efavirenz,3.42,N/A - From RDC,SO-577,Pre-PQ Process,Pre-PQ Process,ARV,111-MZ-T01,21-Sep-07,Air,Pediatric,30,0.11,SCMS from RDC,N/A - From RDC,35
12074,DN-268,Generic,CÃte dIvoire,14-Aug-07,14-Aug-07,150/300mg,Tablet - FDC,Yes,7947,From RDC,"Lamivudine/Zidovudine 150/300mg, tablets, 60 Tabs",126.9,7426,79309.68,PMO - US,"Aurobindo Unit III, India",Lamivudine/Zidovudine,10.68,N/A - From RDC,SO-524,Pre-PQ Process,Pre-PQ Process,ARV,104-CI-T01,14-Aug-07,MIssing,Adult,60,0.18,SCMS from RDC,N/A - From RDC,3073
10228,ASN-3561,Generic,Vietnam,07-Apr-09,07-Apr-09,200mg,Tablet,No,See ASN-3561 (ID#:2297),Direct Drop,"Nevirapine 200mg, tablets, 60 Tabs",44.34,7800,22620.0,PMO - US,"Aurobindo Unit III, India",Nevirapine,2.9,1/16/09,SCMS-37160,Pre-PQ Process,Pre-PQ Process,ARV,108-VN-T01,07-Apr-09,Air,Adult,60,0.05,Aurobindo Pharma Limited,EXW,See ASN-3561 (ID#:2297)
986,ASN-3627,Generic,Tanzania,04-May-09,04-May-09,100/25mg,Tablet,Yes,Freight Included in Commodity Cost,Direct Drop,"Lopinavir/Ritonavir 100/25mg [Aluvia], tablets, 60 Tabs",42.19,2094,21526.32,PMO - US,ABBVIE Ludwigshafen Germany,Lopinavir/Ritonavir,10.28,02-05-09,SCMS-38380,Pre-PQ Process,Pre-PQ Process,ARV,109-TZ-T01,04-May-09,Air,Pediatric,60,0.17,ABBVIE LOGISTICS (FORMERLY ABBOTT LOGISTICS BV),FCA,237
6693,ASN-588,Stat-Pak,Guyana,08-Aug-07,08-Aug-07,MIssing,Test kit,Yes,581.1,Direct Drop,"HIV 1/2, Stat-Pak HIV, Kit, 20 Tests",2.16,50,1350.0,PMO - US,Chembio Diagnostics Sys. Inc.,"HIV 1/2, Stat-Pak HIV, Kit",27.0,07-06-07,SCMS-766,Pre-PQ Process,Pre-PQ Process,HRDT,102-GY-T01,08-Aug-07,Air,HIV test,20,1.35,"CHEMBIO DIAGNOSTIC SYSTEMS, INC.",EXW,13
5937,ASN-2862,Videx,Vietnam,21-Nov-08,21-Nov-08,25mg,Chewable/dispersible tablet,Yes,1516.05,Direct Drop,"Didanosine 25mg [Videx], chewable tablets, 60 Tabs",3.84,280,1960.0,PMO - US,"BMS Meymac, France",Didanosine,7.0,7/23/08,SCMS-27340,Pre-PQ Process,Pre-PQ Process,ARV,108-VN-T01,21-Nov-08,Air,Pediatric,60,0.12,BRISTOL-MYERS SQUIBB,CIP,60
11491,DN-443,Generic,CÃte dIvoire,14-Dec-07,14-Dec-07,200mg,Tablet,Yes,10722.75,From RDC,"Nevirapine 200mg, tablets, 60 Tabs",71.49,13141,44679.4,PMO - US,"Aurobindo Unit III, India",Nevirapine,3.4,N/A - From RDC,SO-1143,Pre-PQ Process,Pre-PQ Process,ARV,104-CI-T01,14-Dec-07,Air,Adult,60,0.06,SCMS from RDC,N/A - From RDC,1271
9353,ASN-644,OraQuick,Botswana,31-Aug-07,31-Aug-07,MIssing,Test kit,Yes,1091.64,Direct Drop,"HIV 1/2, OraQuick Advance HIV Rapid Antibody Kit, 100 Tests",5.6,10,3500.0,PMO - US,"Pacific Biotech, Thailand","HIV 1/2, OraQuick Advance HIV Rapid Antibody Kit",350.0,7/31/07,SCMS-10390,Pre-PQ Process,Pre-PQ Process,HRDT,102-BW-T01,31-Aug-07,Air,HIV test,100,3.5,Orasure Technologies Inc.,EXW,24
11306,DN-1079,Generic,Nigeria,16-Feb-09,16-Feb-09,600mg,Tablet,Yes,3680.33,From RDC,"Efavirenz 600mg, tablets, 30 Tabs",47.39,2063,24178.36,PMO - US,"Aurobindo Unit III, India",Efavirenz,11.72,N/A - From RDC,SO-13470,Pre-PQ Process,Pre-PQ Process,ARV,112-NG-T01,16-Feb-09,Air,Adult,30,0.39,SCMS from RDC,N/A - From RDC,176
11154,DN-304,Generic,Mozambique,21-Sep-07,21-Sep-07,200mg,Capsule,No,See DN-304 (ID#:10589),From RDC,"Efavirenz 200mg, capsule, 90 Caps",7.35,271,4593.45,PMO - US,"Aurobindo Unit III, India",Efavirenz,16.95,N/A - From RDC,SO-298,Pre-PQ Process,Pre-PQ Process,ARV,111-MZ-T01,21-Sep-07,Air,Pediatric,90,0.19,SCMS from RDC,N/A - From RDC,See DN-304 (ID#:10589)
11540,DN-841,Generic,Guyana,25-Jul-08,25-Jul-08,150mg,Tablet,Yes,5228.67,From RDC,"Lamivudine 150mg, tablets, 60 Tabs",2,431,1249.9,PMO - US,"Aurobindo Unit III, India",Lamivudine,2.9,N/A - From RDC,SO-11630,Pre-PQ Process,Pre-PQ Process,ARV,105-GY-T01,25-Jul-08,Air,Adult,60,0.05,SCMS from RDC,N/A - From RDC,377
10980,DN-813,Generic,Zimbabwe,26-Jul-08,26-Jul-08,150/30mg,Tablet - FDC,No,See DN-813 (ID#:10979),From RDC,"Lamivudine/Stavudine 150/30mg, tablets, 30 Tabs",25.6,8000,16000.0,PMO - US,"Cipla, Goa, India",Lamivudine/Stavudine,2.0,N/A - From RDC,SO-2502,Pre-PQ Process,Pre-PQ Process,ARV,113-ZW-T01,26-Jul-08,Truck,Adult,30,0.07,SCMS from RDC,N/A - From RDC,See DN-813 (ID#:10979)
8554,ASN-2843,Bioline,Zambia,18-Nov-08,18-Nov-08,MIssing,Test kit,Yes,1754.04,Direct Drop,"HIV 1/2, Bioline 3.0 Kit, Lancets, Capillary pipets, Alcohol swabs included, 25 Tests",19.6,500,10000.0,PMO - US,"Standard Diagnostics, Korea","HIV 1/2, Bioline 3.0 Kit, Lancets, Capillary pipets, Alcohol swabs included",20.0,6/20/08,SCMS-25710,Pre-PQ Process,Pre-PQ Process,HRDT,110-ZM-T01,18-Nov-08,Air,HIV test,25,0.8,"Standard Diagnostics, Inc.",EXW,157
12269,DN-933,Generic,Mozambique,14-Nov-08,14-Nov-08,200mg,Tablet,No,See DN-933 (ID#:10755),From RDC,"Nevirapine 200mg, tablets, 60 Tabs",59.14,11550,36960.0,PMO - US,Hetero Unit III Hyderabad IN,Nevirapine,3.2,N/A - From RDC,SO-15090,Pre-PQ Process,Pre-PQ Process,ARV,111-MZ-T01,14-Nov-08,Air,Adult,60,0.05,SCMS from RDC,N/A - From RDC,See DN-933 (ID#:10755)
10593,DN-320,Generic,CÃte dIvoire,30-Aug-07,30-Aug-07,30mg,Capsule,Yes,14656,From RDC,"Stavudine 30mg, capsules, 60 Caps",4.37,1796,2729.92,PMO - US,"Strides, Bangalore, India.",Stavudine,1.52,N/A - From RDC,SO-959,Pre-PQ Process,Pre-PQ Process,ARV,104-CI-T01,30-Aug-07,MIssing,Adult,60,0.03,SCMS from RDC,N/A - From RDC,5880
10501,ASN-4815,Generic,South Africa,21-Jul-09,21-Jul-09,50mg,Capsule,Yes,Freight Included in Commodity Cost,Direct Drop,"Efavirenz 50mg, capsule, 30 Caps",2.88,400,1468.0,PMO - US,"Aurobindo Unit III, India",Efavirenz,3.67,06-05-09,SCMS-47060,Pre-PQ Process,Pre-PQ Process,ARV,116-ZA-T01,21-Jul-09,Truck,Pediatric,30,0.12,S. BUYS WHOLESALER,DDP,Weight Captured Separately
7837,ASN-4420,Generic,Vietnam,10-Jul-09,10-Jul-09,150mg,Tablet,No,See ASN-4420 (ID#:1183),Direct Drop,"Lamivudine 150mg, tablets, 60 Tabs",84.67,18000,43200.0,PMO - US,"Aurobindo Unit III, India",Lamivudine,2.4,4/29/09,SCMS-45080,Pre-PQ Process,Pre-PQ Process,ARV,108-VN-T01,10-Jul-09,Air,Adult,60,0.04,Aurobindo Pharma Limited,EXW,See ASN-4420 (ID#:1183)
5059,ASN-4387,Generic,South Africa,15-Apr-09,15-Apr-09,150mg,Tablet,Yes,Freight Included in Commodity Cost,Direct Drop,"Lamivudine 150mg, tablets, 60 Tabs",133.49,9620,68109.6,PMO - US,"Aurobindo Unit III, India",Lamivudine,7.08,3/27/09,SCMS-41586,Pre-PQ Process,Pre-PQ Process,ARV,116-ZA-T01,25-Jun-09,Air,Adult,60,0.12,S. BUYS WHOLESALER,DDP,Weight Captured Separately
11571,DN-1008,Generic,Nigeria,17-Nov-08,17-Nov-08,150mg,Tablet,No,See DN-1008 (ID#:11570),From RDC,"Lamivudine 150mg, tablets, 60 Tabs",6.12,1077,3123.3,PMO - US,"Aurobindo Unit III, India",Lamivudine,2.9,N/A - From RDC,SO-2729,Pre-PQ Process,Pre-PQ Process,ARV,112-NG-T01,17-Nov-08,Air,Adult,60,0.05,SCMS from RDC,N/A - From RDC,See DN-1008 (ID#:11570)
12554,DN-1061,Generic,Ethiopia,29-Jan-09,29-Jan-09,150/200/30mg,Tablet - FDC,No,See DN-1061 (ID#:11019),From RDC,"Lamivudine/Nevirapine/Stavudine 150/200/30mg, tablets, 60 Tabs",238.68,17103,121773.36,PMO - US,"Cipla, Goa, India",Lamivudine/Nevirapine/Stavudine,7.12,N/A - From RDC,SO-22010,Pre-PQ Process,Pre-PQ Process,ARV,117-ET-T01,29-Jan-09,Air,Adult,60,0.12,SCMS from RDC,N/A - From RDC,See DN-1061 (ID#:11019)
5801,ASN-2293,Viread,South Africa,08-May-08,08-May-08,300mg,Tablet,No,Freight Included in Commodity Cost,Direct Drop,"Tenofovir Disoproxil Fumarate 300mg [Viread], tablets, 30 Tabs",1.18,30,738.3,PMO - US,Gilead(Nycomed) Oranienburg DE,Tenofovir Disoproxil Fumarate,24.61,Date Not Captured,SCMS-23500,Pre-PQ Process,Pre-PQ Process,ARV,116-ZA-T01,20-Aug-08,Truck,Adult,30,0.82,S. BUYS WHOLESALER,DDP,Weight Captured Separately
4373,ASN-2051,Aluvia,Vietnam,14-Jul-08,14-Jul-08,200/50mg,Tablet,Yes,3449.4,Direct Drop,"Lopinavir/Ritonavir 200/50mg [Aluvia], tablets, 120 Tabs",105.22,800,65760.0,PMO - US,ABBVIE Ludwigshafen Germany,Lopinavir/Ritonavir,82.2,3/31/08,SCMS-20420,Pre-PQ Process,Pre-PQ Process,ARV,108-VN-T01,14-Jul-08,Air,Adult,120,0.68,ABBVIE LOGISTICS (FORMERLY ABBOTT LOGISTICS BV),FCA,208
13708,ASN-24721,Uni-Gold,"Congo, DRC",04-Apr-14,28-Apr-14,MIssing,Test kit,Yes,2734.02,Direct Drop,"HIV 1/2, Uni-Gold HIV Kit, 20 Tests",1.05,32,1024.0,PMO - US,"Trinity Biotech, Plc","HIV 1/2, Uni-Gold HIV Kit",32.0,1/28/14,SCMS-224840,FPQ-13548,1/22/14,HRDT,101-CD-T30,04-Apr-14,Air,HIV test,20,1.6,"Trinity Biotech, Plc",EXW,54
10945,DN-709,Generic,Zimbabwe,21-Apr-08,21-Apr-08,150/30mg,Tablet - FDC,Yes,15252.7,From RDC,"Lamivudine/Stavudine 150/30mg, tablets, 30 Tabs",5.12,1600,3200.0,PMO - US,"Cipla, Goa, India",Lamivudine/Stavudine,2.0,N/A - From RDC,SO-714,Pre-PQ Process,Pre-PQ Process,ARV,100-ZW-T01,21-Apr-08,Air,Adult,30,0.07,SCMS from RDC,N/A - From RDC,2519
10696,DN-799,Generic,Tanzania,09-Jul-08,09-Jul-08,300mg,Tablet,Yes,886.35,From RDC,"Abacavir 300mg, tablets, 60 Tabs",252.4,5730,157746.9,PMO - US,"Aurobindo Unit III, India",Abacavir,27.53,N/A - From RDC,SO-2704,Pre-PQ Process,Pre-PQ Process,ARV,109-TZ-T01,09-Jul-08,Air,Adult,60,0.46,SCMS from RDC,N/A - From RDC,569
10062,ASN-3313,Generic,Vietnam,23-Feb-09,23-Feb-09,150mg,Tablet,No,See ASN-3313 (ID#:3456),Direct Drop,"Lamivudine 150mg, tablets, 60 Tabs",32.77,6966,16718.4,PMO - US,"Aurobindo Unit III, India",Lamivudine,2.4,10/21/08,SCMS-31730,Pre-PQ Process,Pre-PQ Process,ARV,108-VN-T01,23-Feb-09,Air,Adult,60,0.04,Aurobindo Pharma Limited,EXW,See ASN-3313 (ID#:3456)
6670,ASN-688,Videx EC,Mozambique,06-Sep-07,06-Sep-07,250mg,Delayed-release capsules - blister,Yes,Freight Included in Commodity Cost,Direct Drop,"Didanosine EC 250mg [Videx EC], delayed-release capsules, Blister 3 x 10 Caps",1.38,44,859.65,PMO - US,"BMS Meymac, France",Didanosine EC,19.54,05-07-07,SCMS-608,Pre-PQ Process,Pre-PQ Process,ARV,111-MZ-T01,06-Sep-07,Air,Adult,30,0.65,INTERNATIONAL HEALTHCARE DISTRIBUTORS,CIP,Weight Captured Separately
11917,DN-921,Generic,Nigeria,28-Sep-08,28-Sep-08,600mg,Tablet,Yes,13353.34,From RDC,"Efavirenz 600mg, tablets, 30 Tabs",480.4,25000,300250.0,PMO - US,"Aurobindo Unit III, India",Efavirenz,12.01,N/A - From RDC,SO-2707,Pre-PQ Process,Pre-PQ Process,ARV,132-NG-T01,28-Sep-08,Air,Adult,30,0.4,SCMS from RDC,N/A - From RDC,6124
12920,DN-1455,Generic,Mozambique,17-Sep-09,17-Sep-09,150/200/30mg,Tablet - FDC,Yes,1799.88,From RDC,"Lamivudine/Nevirapine/Stavudine 150/200/30mg, tablets, 60 Tabs",22.38,1604,11420.48,PMO - US,"Strides, Bangalore, India.",Lamivudine/Nevirapine/Stavudine,7.12,N/A - From RDC,SO-26425,Pre-PQ Process,Date Not Captured,ARV,111-MZ-T01,17-Sep-09,Truck,Adult,60,0.12,SCMS from RDC,N/A - From RDC,120
7055,ASN-1667,Videx,South Africa,07-Apr-08,07-Apr-08,100mg,Chewable/dispersible tablet,No,Freight Included in Commodity Cost,Direct Drop,"Didanosine 100mg [Videx],chewable tablets, 60 Tabs",0.13,6,81.66,PMO - US,"BMS Meymac, France",Didanosine,13.61,04-04-08,SCMS-21460,Pre-PQ Process,Pre-PQ Process,ARV,116-ZA-T01,25-Apr-08,MIssing,Pediatric,60,0.23,S. BUYS WHOLESALER,DDP,Weight Captured Separately
12154,DN-552,Generic,Zambia,25-Jan-08,25-Jan-08,10mg/ml,Oral suspension,Yes,1778.7,From RDC,"Nevirapine 10mg/ml, oral suspension, Bottle, 240 ml",9.96,1004,6224.8,PMO - US,"Aurobindo Unit III, India",Nevirapine,6.2,N/A - From RDC,SO-1188,Pre-PQ Process,Pre-PQ Process,ARV,110-ZM-T01,25-Jan-08,MIssing,Pediatric,240,0.03,SCMS from RDC,N/A - From RDC,358
12133,DN-491,Clearview,Namibia,30-Nov-07,30-Nov-07,MIssing,Test kit,Yes,1100.4,From RDC,"HIV 1/2, Clearview Complete Kit, 25 Tests",24,200,15000.0,PMO - US,Inverness USA,"HIV 1/2, Clearview Complete Kit",75.0,N/A - From RDC,SO-1452,Pre-PQ Process,Pre-PQ Process,HRDT,119-NA-T01,30-Nov-07,Air,HIV test,25,3.0,SCMS from RDC,N/A - From RDC,122
11013,DN-861,Generic,Zambia,20-Aug-08,20-Aug-08,600mg,Tablet,Yes,8231.95,From RDC,"Efavirenz 600mg, tablets, 30 Tabs",96.08,5000,60050.0,PMO - US,Mylan (formerly Matrix) Nashik,Efavirenz,12.01,N/A - From RDC,SO-2479,Pre-PQ Process,Pre-PQ Process,ARV,110-ZM-T01,20-Aug-08,Truck,Adult,30,0.4,SCMS from RDC,N/A - From RDC,4247
12047,DN-76,Generic,CÃte dIvoire,30-Apr-07,30-Apr-07,600mg,Tablet,Yes,2656,From RDC,"Efavirenz 600mg, tablets, 30 Tabs",MIssing,8148,132405.0,PMO - US,"Aurobindo Unit III, India",Efavirenz,16.25,N/A - From RDC,SO-431,Pre-PQ Process,Pre-PQ Process,ARV,100-CI-T01,30-Apr-07,MIssing,Adult,30,0.54,SCMS from RDC,N/A - From RDC,741
6196,ASN-3151,Generic,CÃte dIvoire,20-Jan-09,20-Jan-09,300mg,Tablet - blister,Yes,536.78,Direct Drop,"Quinine 300mg (as sulfate), tablets, Blister 100 x 10 Tabs",1.23,12,629.88,PMO - US,"Medopharm Malur Factory, INDIA",Quinine (as sulfate),52.49,12/19/08,SCMS-35780,Pre-PQ Process,Pre-PQ Process,ANTM,104-CI-T01,20-Jan-09,Air,Malaria,1000,0.05,IDA FOUNDATION,EXW,12
1797,ASN-2523,Videx,Vietnam,03-Oct-08,03-Oct-08,25mg,Chewable/dispersible tablet,Yes,3013.09,Direct Drop,"Didanosine 25mg [Videx], chewable tablets, 60 Tabs",4.48,400,2800.0,PMO - US,"BMS Meymac, France",Didanosine,7.0,5/13/08,SCMS-23370,Pre-PQ Process,Pre-PQ Process,ARV,108-VN-T01,03-Oct-08,Air,Pediatric,60,0.12,BRISTOL-MYERS SQUIBB,CIP,81
10685,DN-668,Generic,Ethiopia,25-Mar-08,25-Mar-08,30mg,Capsule,Yes,11862.2,From RDC,"Stavudine 30mg, capsules, 60 Caps",124.74,51293,77965.36,PMO - US,"Aurobindo Unit III, India",Stavudine,1.52,N/A - From RDC,SO-1949,Pre-PQ Process,Pre-PQ Process,ARV,117-ET-T01,25-Mar-08,MIssing,Adult,60,0.03,SCMS from RDC,N/A - From RDC,3371
2687,ASN-272,Generic,Vietnam,14-Mar-07,14-Mar-07,10mg/ml,Oral solution,No,See ASN-272 (ID#:1282),Direct Drop,"Lamivudine 10mg/ml, oral solution, Bottle, 240 ml",MIssing,1000,2440.0,PMO - US,"Cipla, Goa, India",Lamivudine,2.44,11/15/06,SCMS-169,Pre-PQ Process,Pre-PQ Process,ARV,108-VN-T01,14-Mar-07,Air,Pediatric,240,0.01,CIPLA LIMITED,EXW,See ASN-272 (ID#:1282)
10955,DN-629,Generic,Mozambique,16-May-08,16-May-08,150/200/30mg,Tablet - FDC,Yes,11053.53,From RDC,"Lamivudine/Nevirapine/Stavudine 150/200/30mg, tablets, 60 Tabs",864.46,73012,540288.8,PMO - US,"Cipla, Goa, India",Lamivudine/Nevirapine/Stavudine,7.4,N/A - From RDC,SO-1039,Pre-PQ Process,Pre-PQ Process,ARV,111-MZ-T01,08-Apr-08,Air,Adult,60,0.12,SCMS from RDC,N/A - From RDC,14083
10982,DN-763,Generic,Tanzania,09-Jul-08,09-Jul-08,100mg,Chewable/dispersible tablet,Yes,9043.65,From RDC,"Didanosine 100mg, chewable/dispersible tablets, 60 Tabs",144.34,11640,90210.0,PMO - US,"Aurobindo Unit III, India",Didanosine,7.75,N/A - From RDC,SO-1696,Pre-PQ Process,Pre-PQ Process,ARV,109-TZ-T01,09-Jul-08,Air,Pediatric,60,0.13,SCMS from RDC,N/A - From RDC,16778
11731,DN-199,Generic,CÃte dIvoire,05-Jul-07,05-Jul-07,600mg,Tablet,No,See DN-199 (ID#:11391),From RDC,"Efavirenz 600mg, tablets, 30 Tabs",1599.15,61468,999469.68,PMO - US,"Aurobindo Unit III, India",Efavirenz,16.26,N/A - From RDC,SO-519,Pre-PQ Process,Pre-PQ Process,ARV,104-CI-T01,05-Jul-07,MIssing,Adult,30,0.54,SCMS from RDC,N/A - From RDC,See DN-199 (ID#:11391)
10910,DN-504,Generic,CÃte dIvoire,24-Jan-08,24-Jan-08,20mg/ml,Oral solution,Yes,2951.94,From RDC,"Abacavir 20mg/ml, [DON] oral solution, Bottle, 240 ml",0,3119,0.0,PMO - US,"Aurobindo Unit III, India",Abacavir,0.0,N/A - From RDC,SO-1446,Pre-PQ Process,Pre-PQ Process,ARV,104-CI-T01,24-Jan-08,Air,Pediatric,240,0.0,SCMS from RDC,N/A - From RDC,1088
5033,ASN-3607,Generic,South Africa,28-Nov-08,28-Nov-08,200mg,Tablet,No,Freight Included in Commodity Cost,Direct Drop,"Nevirapine 200mg, tablets, 60 Tabs",9.56,983,4875.68,PMO - US,"Aurobindo Unit III, India",Nevirapine,4.96,Date Not Captured,SCMS-40780,Pre-PQ Process,Pre-PQ Process,ARV,116-ZA-T01,17-Mar-09,Air,Adult,60,0.08,S. BUYS WHOLESALER,DDP,Weight Captured Separately
9936,ASN-2502,Retrovir,South Africa,18-Aug-08,18-Aug-08,300mg,Tablet,No,Freight Included in Commodity Cost,Direct Drop,"Zidovudine 300mg [Retrovir], tablets, 60 Tabs",10.91,550,6820.0,PMO - US,GSK Aranda,Zidovudine,12.4,Date Not Captured,SCMS-28830,Pre-PQ Process,Pre-PQ Process,ARV,116-ZA-T01,25-Aug-08,Truck,Adult,60,0.21,S. BUYS WHOLESALER,DDP,Weight Captured Separately
140,ASN-856,Bioline,Tanzania,22-Nov-07,22-Nov-07,MIssing,Test kit,Yes,28359.8,Direct Drop,"HIV 1/2, Bioline 3.0 Kit, Lancets, Capillary pipets, Alcohol swabs included, 25 Tests",320,10000,200000.0,PMO - US,"Standard Diagnostics, Korea","HIV 1/2, Bioline 3.0 Kit, Lancets, Capillary pipets, Alcohol swabs included",20.0,Date Not Captured,SCMS-10300,Pre-PQ Process,Pre-PQ Process,HRDT,109-TZ-T01,22-Nov-07,Air,HIV test,25,0.8,"Standard Diagnostics, Inc.",EXW,3335
3470,ASN-3001,Videx EC,Uganda,09-Dec-08,09-Dec-08,250mg,Delayed-release capsules - blister,Yes,378,Direct Drop,"Didanosine EC 250mg [Videx EC], delayed-release capsules, Blister 3 x 10 Caps",1.8,50,917.0,PMO - US,"BMS Meymac, France",Didanosine EC,18.34,10/17/08,SCMS-32250,Pre-PQ Process,Pre-PQ Process,ARV,114-UG-T01,09-Dec-08,Air,Adult,30,0.61,BRISTOL-MYERS SQUIBB,CIP,2
10794,DN-1416,Generic,Zambia,22-Sep-09,22-Sep-09,200mg,Tablet,Yes,13518.56,From RDC,"Nevirapine 200mg, tablets, 60 Tabs",576.24,98000,294000.0,PMO - US,"Aurobindo Unit III, India",Nevirapine,3.0,N/A - From RDC,SO-33020,Pre-PQ Process,Date Not Captured,ARV,110-ZM-T01,22-Sep-09,Truck,Adult,60,0.05,SCMS from RDC,N/A - From RDC,9522
11662,DN-1328,Generic,Zambia,04-Sep-09,04-Sep-09,150/200/30mg,Tablet - FDC,Yes,4506.2,From RDC,"Lamivudine/Nevirapine/Stavudine 150/200/30mg, tablets, 60 Tabs",559.97,40126,285697.12,PMO - US,"Cipla, Goa, India",Lamivudine/Nevirapine/Stavudine,7.12,N/A - From RDC,SO-32490,Pre-PQ Process,Date Not Captured,ARV,110-ZM-T01,04-Sep-09,Truck,Adult,60,0.12,SCMS from RDC,N/A - From RDC,4414
12149,DN-469,Generic,Zimbabwe,07-Dec-07,07-Dec-07,150/300mg,Tablet - FDC,Yes,1671.84,From RDC,"Lamivudine/Zidovudine 150/300mg, tablets, 60 Tabs",23.71,1560,14820.0,PMO - US,"Aurobindo Unit III, India",Lamivudine/Zidovudine,9.5,N/A - From RDC,SO-899,Pre-PQ Process,Pre-PQ Process,ARV,100-ZW-T01,07-Dec-07,Truck,Adult,60,0.16,SCMS from RDC,N/A - From RDC,147
12136,DN-495,Generic,Ethiopia,20-Dec-07,20-Dec-07,150mg,Tablet,No,See DN-495 (ID#:11824),From RDC,"Lamivudine 150mg, tablets, 60 Tabs",68.29,14040,42681.6,PMO - US,"Aurobindo Unit III, India",Lamivudine,3.04,N/A - From RDC,SO-1009,Pre-PQ Process,Pre-PQ Process,ARV,117-ET-T01,20-Dec-07,MIssing,Adult,60,0.05,SCMS from RDC,N/A - From RDC,See DN-495 (ID#:11824)
12255,DN-1060,Generic,Ethiopia,18-Feb-09,18-Feb-09,150/30mg,Tablet - FDC,No,See DN-1060 (ID#:11618),From RDC,"Lamivudine/Stavudine 150/30mg, tablets, 60 Tabs",201.1,27000,102600.0,PMO - US,Mylan (formerly Matrix) Nashik,Lamivudine/Stavudine,3.8,N/A - From RDC,SO-22000,Pre-PQ Process,Pre-PQ Process,ARV,117-ET-T01,18-Feb-09,Air,Adult,60,0.06,SCMS from RDC,N/A - From RDC,See DN-1060 (ID#:11618)
7127,ASN-2293,Generic,South Africa,08-May-08,08-May-08,600mg,Tablet,No,Freight Included in Commodity Cost,Direct Drop,"Efavirenz 600mg, tablets, 30 Tabs",38.06,1500,23790.0,PMO - US,"Cipla, Goa, India",Efavirenz,15.86,Date Not Captured,SCMS-23500,Pre-PQ Process,Pre-PQ Process,ARV,116-ZA-T01,20-Aug-08,Truck,Adult,30,0.53,S. BUYS WHOLESALER,DDP,Weight Captured Separately
11629,DN-1165,Truvada,Nigeria,02-Apr-09,02-Apr-09,300/200mg,Tablet - FDC,Yes,286.65,From RDC,"Emtricitabine/Tenofovir Disoproxil Fumarate 200/300mg [Truvada], tablets, 30 Tabs",2.57,50,1312.5,PMO - US,"Aspen-OSD, Port Elizabeth, SA",Emtricitabine/Tenofovir Disoproxil Fumarate,26.25,N/A - From RDC,SO-20961,Pre-PQ Process,Pre-PQ Process,ARV,112-NG-T01,02-Apr-09,Air,Adult,30,0.88,SCMS from RDC,N/A - From RDC,5
2680,ASN-95,Generic,Zambia,29-Jan-07,29-Jan-07,20mg/ml,Oral solution,Yes,3850.8,Direct Drop,"Abacavir 20mg/ml, oral solution, Bottle, 240 ml",MIssing,906,19071.3,PMO - US,"Aurobindo Unit III, India",Abacavir,21.05,Date Not Captured,SCMS-137,Pre-PQ Process,Pre-PQ Process,ARV,110-ZM-T01,29-Jan-07,Air,Pediatric,240,0.09,Aurobindo Pharma Limited,EXW,316
11227,DN-560,Genie,CÃte dIvoire,21-Jan-08,21-Jan-08,MIssing,Test kit,Yes,3256,From RDC,"#108853** HIV, Genie II HIV-1/HIV-2 Kit, 40 Tests",86.34,710,53960.0,PMO - US,Bio-Rad Laboratories,"HIV, Genie II HIV-1/HIV-2 Kit",76.0,N/A - From RDC,SO-793,Pre-PQ Process,Pre-PQ Process,HRDT,104-CI-T01,21-Jan-08,MIssing,HIV test,40,1.9,SCMS from RDC,N/A - From RDC,771
23,ASN-57,Generic,Nigeria,28-Sep-06,28-Sep-06,10mg/ml,Oral solution,Yes,5920.42,Direct Drop,"Zidovudine 10mg/ml, oral solution, Bottle, 240 ml",MIssing,416,2225.6,PMO - US,"Aurobindo Unit III, India",Zidovudine,5.35,Date Not Captured,SCMS-87,Pre-PQ Process,Pre-PQ Process,ARV,112-NG-T01,28-Sep-06,Air,Pediatric,240,0.02,Aurobindo Pharma Limited,EXW,504
12845,DN-1147,Determine,Pakistan,01-Apr-09,01-Apr-09,MIssing,Test kit,No,See DN-1147 (ID#:11610),From RDC,"HIV 1/2, Determine Complete HIV Kit, 100 Tests",5.49,28,2800.0,PMO - US,Inverness Japan,"HIV 1/2, Determine Complete HIV Kit",100.0,N/A - From RDC,SO-22440,Pre-PQ Process,Pre-PQ Process,HRDT,100-PK-T01,01-Apr-09,Air,HIV test,100,1.0,SCMS from RDC,N/A - From RDC,See DN-1147 (ID#:11610)
10861,DN-304,Norvir,Mozambique,21-Sep-07,21-Sep-07,100mg,Capsule,No,See DN-304 (ID#:10589),From RDC,"Ritonavir 100mg [Norvir], capsules, cool, 4 x 84 Caps",8.78,143,5485.48,PMO - US,ABBVIE (Abbott) Logis. UK,Ritonavir,38.36,N/A - From RDC,SO-298,Pre-PQ Process,Pre-PQ Process,ARV,111-MZ-T01,21-Sep-07,Air,Adult,336,0.11,SCMS from RDC,N/A - From RDC,See DN-304 (ID#:10589)
12575,DN-1220,Generic,CÃte dIvoire,20-May-09,20-May-09,150/300mg,Tablet - FDC,Yes,4881.06,From RDC,"Lamivudine/Zidovudine 150/300mg, tablets, 60 Tabs",111.19,6476,56729.76,PMO - US,Mylan (formerly Matrix) Nashik,Lamivudine/Zidovudine,8.76,N/A - From RDC,SO-21883,Pre-PQ Process,Pre-PQ Process,ARV,104-CI-T01,20-May-09,Air,Adult,60,0.15,SCMS from RDC,N/A - From RDC,540
13841,ASN-6267,Generic,Rwanda,16-Apr-10,16-Apr-10,300/300mg,Tablet - FDC,Yes,63600.4,Direct Drop,"Lamivudine/Tenofovir Disoproxil Fumarate 300/300mg, tablets, 30 Tabs",1335.13,62209,681188.55,PMO - US,Mylan (formerly Matrix) Nashik,Lamivudine/Tenofovir Disoproxil Fumarate,10.95,8/31/09,SCMS-50290,FPQ-4011,7/16/09,ARV,107-RW-T30,16-Apr-10,Air,Adult,30,0.36,MYLAN LABORATORIES LTD (FORMERLY MATRIX LABORATORIES),CIP,5795
12046,DN-74,Generic,CÃte dIvoire,30-Apr-07,30-Apr-07,150/300mg,Tablet - FDC,No,See DN-74 (ID#:12045),From RDC,"Lamivudine/Zidovudine 150/300mg, tablets, 60 Tabs",MIssing,6944,71176.0,PMO - US,"Aurobindo Unit III, India",Lamivudine/Zidovudine,10.25,N/A - From RDC,SO-285,Pre-PQ Process,Pre-PQ Process,ARV,100-CI-T01,30-Apr-07,MIssing,Adult,60,0.17,SCMS from RDC,N/A - From RDC,See DN-74 (ID#:12045)
12388,DN-260,Generic,CÃte dIvoire,03-Aug-07,03-Aug-07,150/200/30mg,Tablet - FDC,No,See DN-260 (ID#:11426),From RDC,"Lamivudine/Nevirapine/Stavudine 150/200/30mg, tablets, 60 Tabs",281.66,23472,176040.0,PMO - US,"Cipla, Goa, India",Lamivudine/Nevirapine/Stavudine,7.5,N/A - From RDC,SO-523,Pre-PQ Process,Pre-PQ Process,ARV,104-CI-T01,03-Aug-07,MIssing,Adult,60,0.12,SCMS from RDC,N/A - From RDC,See DN-260 (ID#:11426)
11031,DN-1168,Generic,Zimbabwe,27-Apr-09,27-Apr-09,600mg,Tablet,Yes,35673.58,From RDC,"Efavirenz 600mg, tablets, 30 Tabs",94.16,4000,48040.0,PMO - US,"Aurobindo Unit III, India",Efavirenz,12.01,N/A - From RDC,SO-18110,Pre-PQ Process,Pre-PQ Process,ARV,113-ZW-T01,27-Apr-09,Truck,Adult,30,0.4,SCMS from RDC,N/A - From RDC,8523
11719,DN-44,Generic,Mozambique,17-Apr-07,17-Apr-07,150/300/200mg,Tablet - FDC,No,See DN-44 (ID#:10549),From RDC,"Lamivudine/Nevirapine/Zidovudine 150/200/300mg, tablets, 60 Tabs",MIssing,30000,525000.0,PMO - US,"Aurobindo Unit III, India",Lamivudine/Nevirapine/Zidovudine,17.5,N/A - From RDC,SO-293,Pre-PQ Process,Pre-PQ Process,ARV,111-MZ-T01,17-Apr-07,Air,Adult,60,0.29,SCMS from RDC,N/A - From RDC,See DN-44 (ID#:10549)
12919,DN-1448,Generic,Zambia,13-Oct-09,13-Oct-09,600mg,Tablet,No,See DN-1448 (ID#:12012),From RDC,"Efavirenz 600mg, tablets, 30 Tabs",268.93,22059,137206.98,PMO - US,"Emcure Plot No.P-2, I.T-B.T. Park, Phase II, MIDC, Hinjwadi, Pune, India",Efavirenz,6.22,N/A - From RDC,SO-33021,Pre-PQ Process,Date Not Captured,ARV,110-ZM-T01,13-Oct-09,Truck,Adult,30,0.21,SCMS from RDC,N/A - From RDC,See DN-1448 (ID#:12012)
4321,ASN-1609,Generic,Botswana,23-Jun-08,23-Jun-08,MIssing,Test kit - Ancillary,Yes,Invoiced Separately,Direct Drop,"HIV, Lancet, Safety, for HIV Test kits, 100 Pcs",0,200,2.0,PMO - US,Inverness Japan,"HIV, Lancet, Safety, for HIV Test kits, 100 Pcs",0.01,03-11-08,SCMS-18730,Pre-PQ Process,Pre-PQ Process,HRDT,102-BW-T01,23-Jun-08,Air,HIV test - Ancillary,100,0.0,"Orgenics, Ltd",EXW,Weight Captured Separately
12544,DN-992,Generic,Uganda,09-Jan-09,09-Jan-09,150/200/30mg,Tablet - FDC,No,See DN-992 (ID#:11602),From RDC,"Lamivudine/Nevirapine/Stavudine 150/200/30mg, tablets, 60 Tabs",13.62,965,6948.0,PMO - US,"Strides, Bangalore, India.",Lamivudine/Nevirapine/Stavudine,7.2,N/A - From RDC,SO-17700,Pre-PQ Process,Pre-PQ Process,ARV,114-UG-T01,09-Jan-09,Air,Adult,60,0.12,SCMS from RDC,N/A - From RDC,See DN-992 (ID#:11602)
1954,ASN-2854,Aluvia,Vietnam,02-Dec-08,02-Dec-08,200/50mg,Tablet,Yes,2709.98,Direct Drop,"Lopinavir/Ritonavir 200/50mg [Aluvia], tablets, 120 Tabs",69.92,434,35674.8,PMO - US,ABBVIE Ludwigshafen Germany,Lopinavir/Ritonavir,82.2,7/24/08,SCMS-27290,Pre-PQ Process,Pre-PQ Process,ARV,108-VN-T01,02-Dec-08,Air,Adult,120,0.68,ABBVIE LOGISTICS (FORMERLY ABBOTT LOGISTICS BV),FCA,113
8802,ASN-3699,Uni-Gold,Tanzania,17-May-09,17-May-09,MIssing,Test kit,Yes,3146.63,Direct Drop,"HIV 1/2, Uni-Gold HIV Kit, 20 Tests",52.62,839,26848.0,PMO - US,"Trinity Biotech, Plc","HIV 1/2, Uni-Gold HIV Kit",32.0,12-02-08,SCMS-34430,Pre-PQ Process,Pre-PQ Process,HRDT,109-TZ-T01,17-May-09,Air,HIV test,20,1.6,"Trinity Biotech, Plc",EXW,277
2502,ASN-4098,Uni-Gold,Kenya,18-Jun-09,18-Jun-09,MIssing,Test kit,Yes,12561.4,Direct Drop,"HIV 1/2, Uni-Gold HIV Kit, 20 Tests",0.31,5,160.0,PMO - US,"Trinity Biotech, Plc","HIV 1/2, Uni-Gold HIV Kit",32.0,04-04-09,SCMS-42970,Pre-PQ Process,Pre-PQ Process,HRDT,102-KE-T01,18-Jun-09,Air,HIV test,20,1.6,"Trinity Biotech, Plc",EXW,2
2721,ASN-465,Videx,Zambia,06-Jun-07,06-Jun-07,100mg,Chewable/dispersible tablet,Yes,Freight Included in Commodity Cost,Direct Drop,"Didanosine 100mg [Videx],chewable tablets, 60 Tabs",MIssing,5408,68952.0,PMO - US,"BMS Meymac, France",Didanosine,12.75,03-08-07,SCMS-416,Pre-PQ Process,Pre-PQ Process,ARV,110-ZM-T01,06-Jun-07,Air,Pediatric,60,0.21,BRISTOL-MYERS SQUIBB,CIP,1072
10964,DN-794,Generic,Uganda,11-Jul-08,11-Jul-08,10mg/ml,Oral solution,Yes,10314.28,From RDC,"Zidovudine 10mg/ml, oral solution, Bottle, 240 ml",14.43,4296,9021.6,PMO - US,"Aurobindo Unit III, India",Zidovudine,2.1,N/A - From RDC,SO-2791,Pre-PQ Process,Pre-PQ Process,ARV,114-UG-T01,11-Jul-08,Air,Pediatric,240,0.01,SCMS from RDC,N/A - From RDC,1600
12299,DN-1325,Generic,Zambia,29-Sep-09,29-Sep-09,300/300mg,Tablet - FDC,Yes,6759.28,From RDC,"Lamivudine/Tenofovir Disoproxil Fumarate 300/300mg, tablets, 30 Tabs",2073.68,92000,1058000.0,PMO - US,Mylan (formerly Matrix) Nashik,Lamivudine/Tenofovir Disoproxil Fumarate,11.5,N/A - From RDC,SO-29070,Pre-PQ Process,Date Not Captured,ARV,110-ZM-T01,29-Sep-09,Truck,Adult,30,0.38,SCMS from RDC,N/A - From RDC,7579
11968,DN-1221,Generic,Haiti,22-May-09,22-May-09,10mg/ml,Oral solution,No,See DN-1221 (ID#:11636),From RDC,"Lamivudine 10mg/ml, oral solution, Bottle, 240 ml",8.73,2345,4455.5,PMO - US,"Aurobindo Unit III, India",Lamivudine,1.9,N/A - From RDC,SO-24840,Pre-PQ Process,Pre-PQ Process,ARV,106-HT-T01,22-May-09,Air,Pediatric,240,0.01,SCMS from RDC,N/A - From RDC,See DN-1221 (ID#:11636)
3767,ASN-4304,Generic,South Africa,08-Apr-09,08-Apr-09,600mg,Tablet,Yes,Freight Included in Commodity Cost,Direct Drop,"Efavirenz 600mg, tablets, 30 Tabs",86.57,3500,44170.0,PMO - US,"Aurobindo Unit III, India",Efavirenz,12.62,3/27/09,SCMS-41582,Pre-PQ Process,Pre-PQ Process,ARV,116-ZA-T01,25-Jun-09,Air,Adult,30,0.42,S. BUYS WHOLESALER,DDP,Weight Captured Separately
6846,ASN-1251,Viramune,South Africa,29-Jan-08,29-Jan-08,200mg,Tablet,No,Freight Included in Commodity Cost,Direct Drop,"Nevirapine 200mg [Viramune], tablets, 60 Tabs",11.64,300,7272.0,PMO - US,"BI, Ingelheim, Germany",Nevirapine,24.24,11-12-07,SCMS-14050,Pre-PQ Process,Pre-PQ Process,ARV,116-ZA-T01,29-Jan-08,MIssing,Adult,60,0.4,"JSI R&T INSTITUTE, INC.",DDP,Weight Captured Separately
4594,ASN-2473,Uni-Gold,Guyana,01-Oct-08,01-Oct-08,MIssing,Test kit,Yes,3976.33,Direct Drop,"HIV 1/2, Uni-Gold HIV Kit, 20 Tests",54.37,1062,33984.0,PMO - US,"Trinity Biotech, Plc","HIV 1/2, Uni-Gold HIV Kit",32.0,7/18/08,SCMS-27040,Pre-PQ Process,Pre-PQ Process,HRDT,102-GY-T01,01-Oct-08,Air,HIV test,20,1.6,"Trinity Biotech, Plc",EXW,1062
10631,DN-411,Generic,Nigeria,01-Nov-07,01-Nov-07,30mg,Capsule,Yes,1621,From RDC,"Stavudine 30mg, capsules, 60 Caps",3.65,1500,2280.0,PMO - US,"Aurobindo Unit III, India",Stavudine,1.52,N/A - From RDC,SO-1225,Pre-PQ Process,Pre-PQ Process,ARV,112-NG-T01,01-Nov-07,Air,Adult,60,0.03,SCMS from RDC,N/A - From RDC,178
5283,ASN-302,Aluvia,Vietnam,16-Apr-07,16-Apr-07,200/50mg,Tablet,Yes,13453.12,Direct Drop,"Lopinavir/Ritonavir 200/50mg [Aluvia], tablets, 120 Tabs",MIssing,1320,238682.4,PMO - US,ABBVIE (Abbott) Logis. UK,Lopinavir/Ritonavir,180.82,11/29/06,SCMS-172,Pre-PQ Process,Pre-PQ Process,ARV,108-VN-T01,16-Apr-07,Air,Adult,120,1.51,ABBVIE LOGISTICS (FORMERLY ABBOTT LOGISTICS BV),CIP,304
5175,ASN-4223,Invirase,Tanzania,30-Jul-09,30-Jul-09,200mg,Capsule,Yes,3310.89,Direct Drop,"Saquinavir 200mg [Invirase], capsules, 270 Caps",143.23,820,73074.13,PMO - US,Roche Basel,Saquinavir,89.11,5/28/09,SCMS-46500,Pre-PQ Process,Pre-PQ Process,ARV,109-TZ-T01,30-Jul-09,Air,Adult,270,0.33,Hoffmann-La Roche ltd Basel,FCA,424
10534,DN-4,Viracept,Zambia,02-Feb-07,02-Feb-07,250mg,Tablet,Yes,1218.91,From RDC,"Nelfinavir (as mesilate) 250mg [Viracept], tablets, 270 Tabs",MIssing,228,17948.16,PMO - US,Roche Madrid,Nelfinavir (as mesilate),78.72,N/A - From RDC,SO-220,Pre-PQ Process,Pre-PQ Process,ARV,110-ZM-T01,02-Feb-07,MIssing,Adult,270,0.29,SCMS from RDC,N/A - From RDC,60
13571,ASN-29503,Uni-Gold,South Sudan,09-Jan-15,19-Jan-15,MIssing,Test kit,Yes,1692.35,Direct Drop,"HIV 1/2, Uni-Gold HIV Kit, 20 Tests",0.59,18,576.0,PMO - US,"Trinity Biotech, Plc","HIV 1/2, Uni-Gold HIV Kit",32.0,07-01-14,SCMS-245240,FPQ-14470,6/17/14,HRDT,105-SS-T30,09-Jan-15,Air,HIV test,20,1.6,"Trinity Biotech, Plc",EXW,177
11569,DN-1117,Generic,Rwanda,06-Mar-09,06-Mar-09,150/300mg,Tablet - FDC,Yes,21215.4,From RDC,"Lamivudine/Zidovudine 150/300mg, tablets, 60 Tabs",257.54,15000,131400.0,PMO - US,"Aurobindo Unit III, India",Lamivudine/Zidovudine,8.76,N/A - From RDC,SO-24620,Pre-PQ Process,Pre-PQ Process,ARV,107-RW-T01,06-Mar-09,Air,Adult,60,0.15,SCMS from RDC,N/A - From RDC,1364
2794,ASN-893,Bioline,Tanzania,19-Dec-07,19-Dec-07,MIssing,Test kit,Yes,27791.62,Direct Drop,"HIV 1/2, Bioline 3.0 Kit, Lancets, Capillary pipets, Alcohol swabs included, 25 Tests",320,10000,200000.0,PMO - US,"Standard Diagnostics, Korea","HIV 1/2, Bioline 3.0 Kit, Lancets, Capillary pipets, Alcohol swabs included",20.0,Date Not Captured,SCMS-10310,Pre-PQ Process,Pre-PQ Process,HRDT,109-TZ-T01,19-Dec-07,Air,HIV test,25,0.8,"Standard Diagnostics, Inc.",EXW,3336
7750,ASN-4386,Epivir,South Africa,21-Apr-09,21-Apr-09,10mg/ml,Oral solution,No,Freight Included in Commodity Cost,Direct Drop,"Lamivudine 10mg/ml [Epivir], oral solution, Bottle, 240 ml",20.71,1900,10564.0,PMO - US,GSK Mississauga (Canada),Lamivudine,5.56,3/27/09,SCMS-41585,Pre-PQ Process,Pre-PQ Process,ARV,116-ZA-T01,25-Jun-09,Air,Pediatric,240,0.02,S. BUYS WHOLESALER,DDP,Weight Captured Separately
11561,DN-1015,Generic,Zimbabwe,19-Nov-08,19-Nov-08,150/30mg,Tablet - FDC,Yes,29883.7,From RDC,"Lamivudine/Stavudine 150/30mg, tablets, 30 Tabs",31.36,8000,16000.0,PMO - US,"Cipla, Goa, India",Lamivudine/Stavudine,2.0,N/A - From RDC,SO-13991,Pre-PQ Process,Pre-PQ Process,ARV,113-ZW-T01,19-Nov-08,Truck,Adult,30,0.07,SCMS from RDC,N/A - From RDC,8855
6517,ASN-4420,Generic,Vietnam,10-Jul-09,10-Jul-09,30mg,Capsule,No,See ASN-4420 (ID#:1183),Direct Drop,"Stavudine 30mg, capsules, 60 Caps",17.19,6048,8769.6,PMO - US,"Aurobindo Unit III, India",Stavudine,1.45,4/29/09,SCMS-45080,Pre-PQ Process,Pre-PQ Process,ARV,108-VN-T01,10-Jul-09,Air,Adult,60,0.02,Aurobindo Pharma Limited,EXW,See ASN-4420 (ID#:1183)
12123,DN-424,Generic,Zimbabwe,16-Nov-07,16-Nov-07,150/30mg,Tablet - FDC,No,See DN-424 (ID#:10905),From RDC,"Lamivudine/Stavudine 150/30mg, tablets, 30 Tabs",3.4,1062,2124.0,PMO - US,"Cipla, Goa, India",Lamivudine/Stavudine,2.0,N/A - From RDC,SO-1207,Pre-PQ Process,Pre-PQ Process,ARV,100-ZW-T01,16-Nov-07,Air,Adult,30,0.07,SCMS from RDC,N/A - From RDC,See DN-424 (ID#:10905)
12777,DN-802,Generic,Haiti,04-Jul-08,04-Jul-08,150/300mg,Tablet - FDC,Yes,17289,From RDC,"Lamivudine/Zidovudine 150/300mg, tablets, 60 Tabs",226.72,14995,141702.75,PMO - US,"Cipla, Goa, India",Lamivudine/Zidovudine,9.45,N/A - From RDC,SO-2594,Pre-PQ Process,Pre-PQ Process,ARV,106-HT-T01,04-Jul-08,Air,Adult,60,0.16,SCMS from RDC,N/A - From RDC,1586
10351,ASN-4609,Generic,South Africa,17-Jun-09,17-Jun-09,10mg/ml,Oral solution,Yes,Freight Included in Commodity Cost,Direct Drop,"Lamivudine 10mg/ml, oral solution, Bottle, 240 ml",6.96,1000,3550.0,PMO - US,"Aurobindo Unit III, India",Lamivudine,3.55,3/13/09,SCMS-50670,Pre-PQ Process,Pre-PQ Process,ARV,116-ZA-T01,17-Jun-09,Air,Pediatric,240,0.01,S. BUYS WHOLESALER,DDP,Weight Captured Separately
7259,ASN-2639,Generic,Guyana,13-Oct-08,13-Oct-08,MIssing,Test kit - Ancillary,Yes,180,Direct Drop,"HIV, Lancet, Safety, for HIV Test kits, 100 Pcs",0,213,2.13,PMO - US,Inverness Japan,"HIV, Lancet, Safety, for HIV Test kits, 100 Pcs",0.01,8/21/08,SCMS-27030,Pre-PQ Process,Pre-PQ Process,HRDT,102-GY-T01,29-Oct-08,Air,HIV test - Ancillary,100,0.0,"Orgenics, Ltd",EXW,14
12763,DN-627,Generic,Haiti,08-Mar-08,08-Mar-08,300mg,Tablet,No,See DN-627 (ID#:10926),From RDC,"Zidovudine 300mg, tablets, 60 Tabs",39.12,3000,24450.0,PMO - US,"Aurobindo Unit III, India",Zidovudine,8.15,N/A - From RDC,SO-1285,Pre-PQ Process,Pre-PQ Process,ARV,106-HT-T01,08-Mar-08,Air,Adult,60,0.14,SCMS from RDC,N/A - From RDC,See DN-627 (ID#:10926)
5860,ASN-2997,Determine,Zimbabwe,22-Jan-09,22-Jan-09,MIssing,Test kit,Yes,5781.14,Direct Drop,"HIV 1/2, Determine HIV Kit, without Lancets, 100 Tests",196.98,1396,100498.04,PMO - US,Inverness Japan,"HIV 1/2, Determine HIV Kit, without Lancets",71.99,06-12-08,SCMS-25300,Pre-PQ Process,Pre-PQ Process,HRDT,113-ZW-T01,22-Jan-09,Air,HIV test,100,0.72,"Orgenics, Ltd",EXW,414
5278,ASN-123,Generic,Zambia,20-Dec-06,20-Dec-06,200mg,Tablet,No,See ASN-123 (ID#:2685),Direct Drop,"Nevirapine 200mg, tablets, 60 Tabs",MIssing,33333,120332.13,PMO - US,"Aurobindo Unit III, India",Nevirapine,3.61,Date Not Captured,SCMS-163,Pre-PQ Process,Pre-PQ Process,ARV,110-ZM-T01,20-Dec-06,Air,Adult,60,0.06,Aurobindo Pharma Limited,EXW,See ASN-123 (ID#:2685)
10572,DN-164,Generic,CÃte dIvoire,08-Jun-07,08-Jun-07,300mg,Tablet,Yes,977.55,From RDC,"Zidovudine 300mg, tablets, 60 Tabs",MIssing,1926,16409.52,PMO - US,"Ranbaxy, Paonta Shahib, India",Zidovudine,8.52,N/A - From RDC,SO-618,Pre-PQ Process,Pre-PQ Process,ARV,104-CI-T01,08-Jun-07,MIssing,Adult,60,0.14,SCMS from RDC,N/A - From RDC,105
12325,DN-1472,Generic,Ethiopia,29-Sep-09,29-Sep-09,150mg,Tablet,Yes,1489.4,From RDC,"Lamivudine 150mg, tablets, 60 Tabs",20.25,4234,10330.96,PMO - US,"Aurobindo Unit III, India",Lamivudine,2.44,N/A - From RDC,SO-33640,Pre-PQ Process,Date Not Captured,ARV,117-ET-T01,29-Sep-09,Air,Adult,60,0.04,SCMS from RDC,N/A - From RDC,212
11273,DN-903,Aluvia,Tanzania,26-Sep-08,26-Sep-08,200/50mg,Tablet,Yes,1146.27,From RDC,"Lopinavir/Ritonavir 200/50mg [Aluvia], tablets, 120 Tabs",169.66,2580,106038.0,PMO - US,ABBVIE Ludwigshafen Germany,Lopinavir/Ritonavir,41.1,N/A - From RDC,SO-13300,Pre-PQ Process,Pre-PQ Process,ARV,109-TZ-T01,26-Sep-08,Truck,Adult,120,0.34,SCMS from RDC,N/A - From RDC,587
1046,ASN-3675,Videx,Haiti,31-Mar-09,31-Mar-09,50mg,Chewable/dispersible tablet,Yes,260,Direct Drop,"Didanosine 50mg [Videx], chewable tablets, 60 Tabs",1.49,80,760.0,PMO - US,"BMS Meymac, France",Didanosine,9.5,03-06-09,SCMS-40000,Pre-PQ Process,Pre-PQ Process,ARV,106-HT-T01,31-Mar-09,Air,Pediatric,60,0.16,BRISTOL-MYERS SQUIBB,CIP,43
11891,DN-698,Generic,Mozambique,23-Jun-08,23-Jun-08,150/300/200mg,Tablet - FDC,No,See DN-698 (ID#:10970),From RDC,"Lamivudine/Nevirapine/Zidovudine 150/200/300mg, tablets, 60 Tabs",410.4,19000,256500.0,PMO - US,"Aurobindo Unit III, India",Lamivudine/Nevirapine/Zidovudine,13.5,N/A - From RDC,SO-1615,Pre-PQ Process,Pre-PQ Process,ARV,111-MZ-T01,23-Jun-08,Air,Adult,60,0.22,SCMS from RDC,N/A - From RDC,See DN-698 (ID#:10970)
5081,ASN-4226,Stocrin/Sustiva,South Africa,15-May-09,15-May-09,200mg,Capsule,Yes,Freight Included in Commodity Cost,Direct Drop,"Efavirenz 200mg [Stocrin/Sustiva], capsule, 90 Caps",6.31,100,3220.0,PMO - US,"MSD Midrand, Jburg, SA",Efavirenz,32.2,Date Not Captured,SCMS-42430,Pre-PQ Process,Pre-PQ Process,ARV,116-ZA-T01,15-May-09,Truck,Pediatric,90,0.36,S. BUYS WHOLESALER,DDP,Weight Captured Separately
12265,DN-1136,Generic,Nigeria,19-Mar-09,19-Mar-09,150/300/200mg,Tablet - FDC,Yes,11492.86,From RDC,"Lamivudine/Nevirapine/Zidovudine 150/200/300mg, tablets, 60 Tabs",260.55,11661,132935.4,PMO - US,"Aurobindo Unit III, India",Lamivudine/Nevirapine/Zidovudine,11.4,N/A - From RDC,SO-21802,Pre-PQ Process,Pre-PQ Process,ARV,151-NG-T01,19-Mar-09,Air Charter,Adult,60,0.19,SCMS from RDC,N/A - From RDC,1311
11543,DN-718,Generic,Nigeria,21-Apr-08,21-Apr-08,150/300mg,Tablet - FDC,No,See DN-718 (ID#:10968),From RDC,"Lamivudine/Zidovudine 150/300mg, tablets, 60 Tabs",19.66,1300,12285.0,PMO - US,"Aurobindo Unit III, India",Lamivudine/Zidovudine,9.45,N/A - From RDC,SO-2350,Pre-PQ Process,Pre-PQ Process,ARV,112-NG-T01,21-Apr-08,Air,Adult,60,0.16,SCMS from RDC,N/A - From RDC,See DN-718 (ID#:10968)
10401,ASN-4500,Determine,Kenya,07-Aug-09,07-Aug-09,MIssing,Test kit,Yes,17662.98,Direct Drop,"HIV 1/2, Determine Complete HIV Kit, 100 Tests",1176,7500,600000.0,PMO - US,Inverness Japan,"HIV 1/2, Determine Complete HIV Kit",80.0,04-06-09,SCMS-42960,Pre-PQ Process,Pre-PQ Process,HRDT,102-KE-T01,07-Aug-09,Air,HIV test,100,0.8,"Orgenics, Ltd",EXW,2215
10987,DN-964,Generic,Kenya,21-Oct-08,21-Oct-08,MIssing,Test kit - Ancillary,Yes,Invoiced Separately,From RDC,"HIV, Lancet, Safety, for HIV Test kits, 100 Pcs",0.1,5000,50.0,PMO - US,Inverness Japan,"HIV, Lancet, Safety, for HIV Test kits, 100 Pcs",0.01,N/A - From RDC,SO-11430,Pre-PQ Process,Pre-PQ Process,HRDT,102-KE-T01,21-Oct-08,Truck,HIV test - Ancillary,100,0.0,SCMS from RDC,N/A - From RDC,Weight Captured Separately
12497,DN-684,Generic,CÃte dIvoire,08-Apr-08,08-Apr-08,1mg/ml,Oral solution,No,See DN-684 (ID#:11884),From RDC,"Stavudine 1mg/ml, powder for oral solution, 200 ml",4.42,1971,2759.4,PMO - US,"Aurobindo Unit III, India",Stavudine,1.4,N/A - From RDC,SO-2043,Pre-PQ Process,Pre-PQ Process,ARV,104-CI-T01,08-Apr-08,Air,Pediatric,200,0.01,SCMS from RDC,N/A - From RDC,See DN-684 (ID#:11884)
1067,ASN-3624,Zerit,South Africa,23-Dec-08,23-Dec-08,1mg/ml,Powder for oral solution,Yes,Freight Included in Commodity Cost,Direct Drop,"Stavudine 1mg/ml [Zerit], powder for oral solution, Bottle, 200 ml",2.26,960,1152.0,PMO - US,"BMS Meymac, France",Stavudine,1.2,Date Not Captured,SCMS-41060,Pre-PQ Process,Pre-PQ Process,ARV,116-ZA-T01,05-May-09,Air,Pediatric,200,0.01,S. BUYS WHOLESALER,DDP,Weight Captured Separately
12809,DN-630,Generic,Ethiopia,06-Mar-08,06-Mar-08,150mg,Tablet,Yes,9742,From RDC,"Lamivudine 150mg, tablets, 60 Tabs",150.17,30874,93856.96,PMO - US,"Ranbaxy, Paonta Shahib, India",Lamivudine,3.04,N/A - From RDC,SO-1536,Pre-PQ Process,Pre-PQ Process,ARV,117-ET-T01,01-Feb-08,Air,Adult,60,0.05,SCMS from RDC,N/A - From RDC,1822
11397,DN-160,Generic,CÃte dIvoire,15-Jun-07,15-Jun-07,150/200/30mg,Tablet - FDC,Yes,3908,From RDC,"Lamivudine/Nevirapine/Stavudine 150/200/30mg, tablets, 60 Tabs",MIssing,8347,62602.5,PMO - US,"Cipla, Goa, India",Lamivudine/Nevirapine/Stavudine,7.5,N/A - From RDC,SO-517,Pre-PQ Process,Pre-PQ Process,ARV,104-CI-T01,15-Jun-07,MIssing,Adult,60,0.12,SCMS from RDC,N/A - From RDC,1313
11310,DN-1167,Generic,Rwanda,09-Apr-09,09-Apr-09,150mg,Tablet,Yes,1762.5,From RDC,"Lamivudine 150mg, tablets, 60 Tabs",30.54,6385,15579.4,PMO - US,"Aurobindo Unit III, India",Lamivudine,2.44,N/A - From RDC,SO-27280,Pre-PQ Process,Pre-PQ Process,ARV,107-RW-T01,09-Apr-09,Air,Adult,60,0.04,SCMS from RDC,N/A - From RDC,327
12273,DN-1180,Truvada,Tanzania,11-May-09,11-May-09,300/200mg,Tablet - FDC,No,See DN-1180 (ID#:11033),From RDC,"Emtricitabine/Tenofovir Disoproxil Fumarate 200/300mg [Truvada], tablets, 30 Tabs",1041.35,20240,531300.0,PMO - US,"Aspen-OSD, Port Elizabeth, SA",Emtricitabine/Tenofovir Disoproxil Fumarate,26.25,N/A - From RDC,SO-18740,Pre-PQ Process,Pre-PQ Process,ARV,109-TZ-T01,11-May-09,Truck,Adult,30,0.88,SCMS from RDC,N/A - From RDC,See DN-1180 (ID#:11033)
12080,DN-265,Kaletra,CÃte dIvoire,17-Aug-07,17-Aug-07,80/20mg/ml,Oral solution,No,See DN-265 (ID#:10580),From RDC,"Lopinavir/Ritonavir 80/20mg/ml [Kaletra], oral solution, cool, Bottle 5 x 60 ml",3.68,56,2301.6,PMO - US,ABBVIE (Abbott) Logis. UK,Lopinavir/Ritonavir,41.1,N/A - From RDC,SO-816,Pre-PQ Process,Pre-PQ Process,ARV,104-CI-T01,17-Aug-07,Air,Pediatric,300,0.14,SCMS from RDC,N/A - From RDC,See DN-265 (ID#:10580)
9629,ASN-1591,Colloidal Gold,Ethiopia,17-Apr-08,17-Apr-08,MIssing,Test kit,Yes,6267.38,Direct Drop,"HIV 1/2, SKB Colloidal Gold, Diagnostic Kit, Antibody, 50 Tests",38.42,1044,24012.0,PMO - US,"KHB Test Kit Facility, Shanghai China","HIV 1/2, Colloidal Gold, Diagnostic Kit, Antibody",23.0,2/29/08,SCMS-18520,Pre-PQ Process,Pre-PQ Process,HRDT,117-ET-T01,17-Apr-08,Air,HIV test,1,23.0,"SHANGHAI KEHUA BIOENGINEERING CO.,LTD.  (KHB)",EXW,754
7276,ASN-2591,Uni-Gold,Ethiopia,06-Oct-08,06-Oct-08,MIssing,Test kit,Yes,18180.65,Direct Drop,"HIV 1/2, Uni-Gold HIV Kit, 20 Tests",215.04,4200,134400.0,PMO - US,"Trinity Biotech, Plc","HIV 1/2, Uni-Gold HIV Kit",32.0,7/31/08,SCMS-27810,Pre-PQ Process,Pre-PQ Process,HRDT,117-ET-T01,06-Oct-08,Air,HIV test,20,1.6,"Trinity Biotech, Plc",EXW,1413
1594,ASN-2014,Stat-Pak,Nigeria,16-Jul-08,16-Jul-08,MIssing,Test kit,Yes,18864.37,Direct Drop,"HIV 1/2, Stat-Pak HIV, Kit, 20 Tests",443.66,10270,277290.0,PMO - US,Chembio Diagnostics Sys. Inc.,"HIV 1/2, Stat-Pak HIV, Kit",27.0,1/29/08,SCMS-16890,Pre-PQ Process,Pre-PQ Process,HRDT,102-NG-T01,19-Sep-08,Air,HIV test,20,1.35,"CHEMBIO DIAGNOSTIC SYSTEMS, INC.",EXW,2907
12144,DN-601,Crixivan,Mozambique,05-Apr-08,05-Apr-08,400mg,Capsule,No,See DN-601 (ID#:10651),From RDC,"Indinavir 400mg [Crixivan], capsules, 180 Caps",53.2,665,33250.0,PMO - US,"MSD, Haarlem, NL",Indinavir,50.0,N/A - From RDC,SO-1039,Pre-PQ Process,Pre-PQ Process,ARV,111-MZ-T01,08-Apr-08,Air,Adult,180,0.28,SCMS from RDC,N/A - From RDC,See DN-601 (ID#:10651)
8738,ASN-3210,Clearview,Namibia,23-Jan-09,23-Jan-09,MIssing,Test kit,Yes,1153.43,Direct Drop,"HIV 1/2, Clearview Complete Kit, 25 Tests",2.94,20,1500.0,PMO - US,Inverness USA,"HIV 1/2, Clearview Complete Kit",75.0,10/14/08,SCMS-31800,Pre-PQ Process,Pre-PQ Process,HRDT,119-NA-T01,23-Jan-09,Air,HIV test,25,3.0,"Orgenics, Ltd",EXW,9
11277,DN-1007,Generic,CÃte dIvoire,21-Nov-08,21-Nov-08,600mg,Tablet,Yes,1409.26,From RDC,"Efavirenz 600mg, tablets, 30 Tabs",55.36,2410,28245.2,PMO - US,Mylan (formerly Matrix) Nashik,Efavirenz,11.72,N/A - From RDC,SO-11851,Pre-PQ Process,Pre-PQ Process,ARV,104-CI-T01,21-Nov-08,Air,Adult,30,0.39,SCMS from RDC,N/A - From RDC,182
10979,DN-813,Generic,Zimbabwe,26-Jul-08,26-Jul-08,150/200/30mg,Tablet - FDC,Yes,22666.98,From RDC,"Lamivudine/Nevirapine/Stavudine 150/200/30mg, tablets, 60 Tabs",784.61,66268,490383.2,PMO - US,"Cipla, Goa, India",Lamivudine/Nevirapine/Stavudine,7.4,N/A - From RDC,SO-2502,Pre-PQ Process,Pre-PQ Process,ARV,113-ZW-T01,26-Jul-08,Truck,Adult,60,0.12,SCMS from RDC,N/A - From RDC,6606
11316,DN-1211,Generic,Nigeria,14-May-09,14-May-09,150/300/200mg,Tablet - FDC,Yes,10823.52,From RDC,"Lamivudine/Nevirapine/Zidovudine 150/200/300mg, tablets, 60 Tabs",211.89,9483,108106.2,PMO - US,"Aurobindo Unit III, India",Lamivudine/Nevirapine/Zidovudine,11.4,N/A - From RDC,SO-22529,Pre-PQ Process,Pre-PQ Process,ARV,151-NG-T01,14-May-09,Air,Adult,60,0.19,SCMS from RDC,N/A - From RDC,1079
10246,ASN-3455,Generic,Vietnam,10-Mar-09,10-Mar-09,150/300mg,Tablet - FDC,Yes,865.6,Direct Drop,"Lamivudine/Zidovudine 150/300mg, tablets, 60 Tabs",19.85,1176,10125.36,PMO - US,"Aurobindo Unit III, India",Lamivudine/Zidovudine,8.61,10/21/08,SCMS-31731,Pre-PQ Process,Pre-PQ Process,ARV,108-VN-T01,10-Mar-09,Air,Adult,60,0.14,Aurobindo Pharma Limited,EXW,105
11142,DN-278,Capillus,Haiti,07-Aug-07,07-Aug-07,MIssing,Test kit,Yes,791.84,From RDC,"HIV 1/2, Capillus HIV Kit, 100 Tests",16.68,75,10425.0,PMO - US,"Trinity Biotech, Plc","HIV 1/2, Capillus HIV Kit",139.0,N/A - From RDC,SO-831,Pre-PQ Process,Pre-PQ Process,HRDT,100-HT-T01,07-Aug-07,Air,HIV test,100,1.39,SCMS from RDC,N/A - From RDC,50
11923,DN-1072,Generic,CÃte dIvoire,14-Feb-09,14-Feb-09,300mg,Tablet,Yes,5110.42,From RDC,"Abacavir 300mg, tablets, 60 Tabs",150.41,3000,76740.0,PMO - US,Mylan (formerly Matrix) Nashik,Abacavir,25.58,N/A - From RDC,SO-16222,Pre-PQ Process,Pre-PQ Process,ARV,104-CI-T01,14-Feb-09,Air,Adult,60,0.43,SCMS from RDC,N/A - From RDC,187
4646,ASN-3202,Bundi,Nigeria,27-Aug-08,27-Aug-08,MIssing,Test kit,Yes,Freight Included in Commodity Cost,Direct Drop,"HIV 1/2, Bundi Rapid HIV Kit, 25 Tests",100.62,1369,51337.5,PMO - US,BUNDI INTERNATIONAL DIAGNOSTICS LTD,"HIV 1/2, Bundi Rapid HIV Kit",37.5,8/20/08,SCMS-28650,Pre-PQ Process,Pre-PQ Process,HRDT,102-NG-T01,27-Aug-08,Air,HIV test,1,37.5,BUNDI INTERNATIONAL DIAGNOSTICS LTD,DDP,Weight Captured Separately
11567,DN-950,Generic,Zambia,21-Oct-08,21-Oct-08,200mg,Tablet,Yes,4060.55,From RDC,"Nevirapine 200mg, tablets, 60 Tabs",269.59,40454,137543.6,PMO - US,"Aurobindo Unit III, India",Nevirapine,3.4,N/A - From RDC,SO-2490,Pre-PQ Process,Pre-PQ Process,ARV,110-ZM-T01,21-Oct-08,Truck,Adult,60,0.06,SCMS from RDC,N/A - From RDC,3787
10578,DN-212,Generic,Zimbabwe,04-Jul-07,04-Jul-07,150/200/30mg,Tablet - FDC,Yes,3135,From RDC,"Lamivudine/Nevirapine/Stavudine 150/200/30mg, tablets, 60 Tabs",102.94,8694,64335.6,PMO - US,"Cipla, Goa, India",Lamivudine/Nevirapine/Stavudine,7.4,N/A - From RDC,SO-702,Pre-PQ Process,Pre-PQ Process,ARV,100-ZW-T01,04-Jul-07,Truck,Adult,60,0.12,SCMS from RDC,N/A - From RDC,819
11343,DN-1348,Truvada,Nigeria,04-Aug-09,04-Aug-09,300/200mg,Tablet - FDC,Yes,7445.8,From RDC,"Emtricitabine/Tenofovir Disoproxil Fumarate 200/300mg [Truvada], tablets, 30 Tabs",34.06,662,17377.5,PMO - US,"Aspen-OSD, Port Elizabeth, SA",Emtricitabine/Tenofovir Disoproxil Fumarate,26.25,N/A - From RDC,SO-27813,Pre-PQ Process,Date Not Captured,ARV,151-NG-T01,04-Aug-09,Air Charter,Adult,30,0.88,SCMS from RDC,N/A - From RDC,58
12470,DN-524,Generic,Ethiopia,04-Feb-08,04-Feb-08,10mg/ml,Oral solution,Yes,4485.25,From RDC,"Zidovudine 10mg/ml, oral solution, Bottle, 240 ml",11.44,3326,7150.9,PMO - US,"Aurobindo Unit III, India",Zidovudine,2.15,N/A - From RDC,SO-1529,Pre-PQ Process,Pre-PQ Process,ARV,117-ET-T01,04-Feb-08,Air,Pediatric,240,0.01,SCMS from RDC,N/A - From RDC,1225
10614,DN-336,Generic,CÃte dIvoire,21-Sep-07,21-Sep-07,150/300mg,Tablet - FDC,Yes,2762,From RDC,"Lamivudine/Zidovudine 150/300mg, tablets, 60 Tabs",201.69,11803,126056.04,PMO - US,"Aurobindo Unit III, India",Lamivudine/Zidovudine,10.68,N/A - From RDC,SO-923,Pre-PQ Process,Pre-PQ Process,ARV,104-CI-T01,21-Sep-07,MIssing,Adult,60,0.18,SCMS from RDC,N/A - From RDC,1148
10537,DN-14,Generic,Mozambique,09-Jan-07,09-Jan-07,600mg,Tablet,Yes,1893.82,From RDC,"Efavirenz 600mg, tablets, 30 Tabs",MIssing,10403,174250.25,PMO - US,"Aurobindo Unit III, India",Efavirenz,16.75,N/A - From RDC,SO-322,Pre-PQ Process,Pre-PQ Process,ARV,111-MZ-T01,09-Jan-07,Air,Adult,30,0.56,SCMS from RDC,N/A - From RDC,1717
11450,DN-340,Kaletra,Zambia,14-Sep-07,14-Sep-07,80/20mg/ml,Oral solution,Yes,2839.2,From RDC,"Lopinavir/Ritonavir 80/20mg/ml [Kaletra], oral solution, cool, Bottle 5 x 60 ml",43.73,665,27331.5,PMO - US,ABBVIE (Abbott) Logis. UK,Lopinavir/Ritonavir,41.1,N/A - From RDC,SO-627,Pre-PQ Process,Pre-PQ Process,ARV,110-ZM-T01,14-Sep-07,MIssing,Pediatric,300,0.14,SCMS from RDC,N/A - From RDC,603
10229,ASN-3562,Generic,Vietnam,10-Apr-09,10-Apr-09,30mg,Capsule,No,See ASN-3562 (ID#:960),Direct Drop,"Stavudine 30mg, capsules, 60 Caps",63.74,22428,32520.6,PMO - US,"Aurobindo Unit III, India",Stavudine,1.45,1/16/09,SCMS-37170,Pre-PQ Process,Pre-PQ Process,ARV,108-VN-T01,10-Apr-09,Air,Adult,60,0.02,Aurobindo Pharma Limited,EXW,See ASN-3562 (ID#:960)
3870,ASN-4144,OraQuick,Botswana,12-Jun-09,12-Jun-09,MIssing,Test kit,Yes,597.43,Direct Drop,"HIV 1/2, OraQuick Advance HIV Rapid Antibody Kit, 100 Tests",0.69,1,350.0,PMO - US,"Pacific Biotech, Thailand","HIV 1/2, OraQuick Advance HIV Rapid Antibody Kit",350.0,5/27/09,SCMS-46070,Pre-PQ Process,Pre-PQ Process,HRDT,102-BW-T01,12-Jun-09,Air,HIV test,100,3.5,Orasure Technologies Inc.,EXW,3
11307,DN-1019,Generic,CÃte dIvoire,27-Nov-08,27-Nov-08,10mg/ml,Oral solution,Yes,5127.91,From RDC,"Zidovudine 10mg/ml, oral solution, Bottle, 240 ml",23.87,5800,12180.0,PMO - US,"Aurobindo Unit III, India",Zidovudine,2.1,N/A - From RDC,SO-16181,Pre-PQ Process,Pre-PQ Process,ARV,104-CI-T01,27-Nov-08,Air,Pediatric,240,0.01,SCMS from RDC,N/A - From RDC,2177
11998,DN-1373,Generic,Haiti,31-Jul-09,31-Jul-09,30mg,Capsule,No,See DN-1373 (ID#:11062),From RDC,"Stavudine 30mg, capsules, 60 Caps",24.72,8640,12614.4,PMO - US,"Aurobindo Unit III, India",Stavudine,1.46,N/A - From RDC,SO-32760,Pre-PQ Process,Date Not Captured,ARV,106-HT-T01,31-Jul-09,Air,Adult,60,0.02,SCMS from RDC,N/A - From RDC,See DN-1373 (ID#:11062)
11994,DN-1326,Generic,Zambia,04-Sep-09,04-Sep-09,600mg,Tablet,Yes,2448.71,From RDC,"Efavirenz 600mg, tablets, 30 Tabs",274.67,12740,140140.0,PMO - US,Hetero Unit III Hyderabad IN,Efavirenz,11.0,N/A - From RDC,SO-17641,Pre-PQ Process,Date Not Captured,ARV,110-ZM-T01,04-Sep-09,Truck,Adult,30,0.37,SCMS from RDC,N/A - From RDC,987
1926,ASN-2487,Retrovir,South Africa,14-Jul-08,14-Jul-08,300mg,Tablet,Yes,Freight Included in Commodity Cost,Direct Drop,"Zidovudine 300mg [Retrovir], tablets, 60 Tabs",1.06,50,663.5,PMO - US,GSK Aranda,Zidovudine,13.27,Date Not Captured,SCMS-26820,Pre-PQ Process,Pre-PQ Process,ARV,116-ZA-T01,10-Jul-08,Truck,Adult,60,0.22,S. BUYS WHOLESALER,DDP,Weight Captured Separately
10386,ASN-3896,Uni-Gold,Guyana,18-May-09,18-May-09,MIssing,Test kit,Yes,8727.54,Direct Drop,"HIV 1/2, Uni-Gold HIV Kit, 20 Tests",127.07,2026,64832.0,PMO - US,"Trinity Biotech, Plc","HIV 1/2, Uni-Gold HIV Kit",32.0,3/30/09,SCMS-42310,Pre-PQ Process,Pre-PQ Process,HRDT,102-GY-T01,18-May-09,Air,HIV test,20,1.6,"Trinity Biotech, Plc",EXW,675
11560,DN-1003,Generic,Ethiopia,11-Nov-08,11-Nov-08,300mg,Tablet,Yes,1774.3,From RDC,"Zidovudine 300mg, tablets, 60 Tabs",77.42,5000,39500.0,PMO - US,"Aurobindo Unit III, India",Zidovudine,7.9,N/A - From RDC,SO-18340,Pre-PQ Process,Pre-PQ Process,ARV,117-ET-T01,11-Nov-08,Air,Adult,60,0.13,SCMS from RDC,N/A - From RDC,229
12635,DN-120,Viread,Zambia,16-May-07,16-May-07,300mg,Tablet,Yes,1483.3,From RDC,"Tenofovir Disoproxil Fumarate 300mg [Viread], tablets, 30 Tabs",MIssing,4165,70805.0,PMO - US,Gilead(Nycomed) Oranienburg DE,Tenofovir Disoproxil Fumarate,17.0,N/A - From RDC,SO-205,Pre-PQ Process,Pre-PQ Process,ARV,110-ZM-T01,16-May-07,MIssing,Adult,30,0.57,SCMS from RDC,N/A - From RDC,265
12613,DN-1440,Generic,Nigeria,20-Oct-09,20-Oct-09,200/300mg,Tablet - FDC,Yes,9341.49,From RDC,"Emtricitabine/Tenofovir Disoproxil Fumarate 200/300mg, tablets, 30 Tabs",2793.08,121280,1425040.0,PMO - US,Mylan (formerly Matrix) Nashik,Emtricitabine/Tenofovir Disoproxil Fumarate,11.75,N/A - From RDC,SO-27820,Pre-PQ Process,Date Not Captured,ARV,151-NG-T01,20-Oct-09,Air Charter,Adult,30,0.39,SCMS from RDC,N/A - From RDC,9813
1628,ASN-1619,Uni-Gold,Zambia,14-May-08,14-May-08,MIssing,Test kit,Yes,24689,Direct Drop,"HIV 1/2, Uni-Gold HIV Kit, 20 Tests",309.25,6040,193280.0,PMO - US,"Trinity Biotech, Plc","HIV 1/2, Uni-Gold HIV Kit",32.0,2/25/08,SCMS-18030,Pre-PQ Process,Pre-PQ Process,HRDT,110-ZM-T01,14-May-08,Air,HIV test,20,1.6,"Trinity Biotech, Plc",EXW,2052
8892,ASN-3630,Generic,Vietnam,09-Apr-09,09-Apr-09,300mg,Tablet,Yes,2793.62,Direct Drop,"Zidovudine 300mg, tablets, 60 Tabs",2.47,168,1260.0,PMO - US,Mylan (formerly Matrix) Nashik,Zidovudine,7.5,1/16/09,SCMS-37200,Pre-PQ Process,Pre-PQ Process,ARV,108-VN-T01,09-Apr-09,Air,Adult,60,0.12,MYLAN LABORATORIES LTD (FORMERLY MATRIX LABORATORIES),EXW,9
11051,DN-1260,Generic,Nigeria,05-Jun-09,05-Jun-09,150/300mg,Tablet - FDC,Yes,1012.18,From RDC,"Lamivudine/Zidovudine 150/300mg, tablets, 60 Tabs",4.53,264,2312.64,PMO - US,Mylan (formerly Matrix) Nashik,Lamivudine/Zidovudine,8.76,N/A - From RDC,SO-31171,Pre-PQ Process,Pre-PQ Process,ARV,153-NG-T01,05-Jun-09,Air,Adult,60,0.15,SCMS from RDC,N/A - From RDC,27
10708,DN-765,Generic,Tanzania,01-Jul-08,01-Jul-08,150mg,Tablet,Yes,6308.6,From RDC,"Lamivudine 150mg, tablets, 60 Tabs",108.16,23230,67599.3,PMO - US,"Aurobindo Unit III, India",Lamivudine,2.91,N/A - From RDC,SO-2720,Pre-PQ Process,Pre-PQ Process,ARV,109-TZ-T01,01-Jul-08,Air,Adult,60,0.05,SCMS from RDC,N/A - From RDC,1156
12198,DN-698,Norvir,Mozambique,23-Jun-08,23-Jun-08,100mg,Capsule,No,See DN-698 (ID#:10970),From RDC,"Ritonavir 100mg [Norvir], capsules, cool, 84 Caps",5.52,360,3452.4,PMO - US,ABBVIE (Abbott) Logis. UK,Ritonavir,9.59,N/A - From RDC,SO-1615,Pre-PQ Process,Pre-PQ Process,ARV,111-MZ-T01,23-Jun-08,Air,Adult,84,0.11,SCMS from RDC,N/A - From RDC,See DN-698 (ID#:10970)
3202,ASN-2800,Determine,Haiti,17-Nov-08,17-Nov-08,MIssing,Test kit,Yes,2873.56,Direct Drop,"HIV 1/2, Determine HIV Kit, without Lancets, 100 Tests",154.08,1123,78610.0,PMO - US,Inverness Japan,"HIV 1/2, Determine HIV Kit, without Lancets",70.0,5/23/08,SCMS-24060,Pre-PQ Process,Pre-PQ Process,HRDT,106-HT-T01,17-Nov-08,Air,HIV test,100,0.7,"Orgenics, Ltd",EXW,257
5304,ASN-221,Capillus,Tanzania,23-Mar-07,23-Mar-07,MIssing,Test kit,Yes,3114.08,Direct Drop,"HIV 1/2, Capillus HIV Kit, 100 Tests",MIssing,700,97300.0,PMO - US,"Trinity Biotech, Plc","HIV 1/2, Capillus HIV Kit",139.0,1/25/07,SCMS-367,Pre-PQ Process,Pre-PQ Process,HRDT,109-TZ-T01,23-Mar-07,Air,HIV test,100,1.39,"Trinity Biotech, Plc",EXW,488
11481,DN-609,Generic,CÃte dIvoire,19-Feb-08,19-Feb-08,600mg,Tablet,No,See DN-609 (ID#:11480),From RDC,"Efavirenz 600mg, tablets, 30 Tabs",711.74,37039,444838.39,PMO - US,"Strides, Bangalore, India.",Efavirenz,12.01,N/A - From RDC,SO-1546,Pre-PQ Process,Pre-PQ Process,ARV,104-CI-T01,19-Feb-08,Air,Adult,30,0.4,SCMS from RDC,N/A - From RDC,See DN-609 (ID#:11480)
11260,DN-730,Generic,Nigeria,26-May-08,26-May-08,150/300mg,Tablet - FDC,Yes,2446.58,From RDC,"Lamivudine/Zidovudine 150/300mg, tablets, 60 Tabs",28.53,1887,17832.15,PMO - US,"Aurobindo Unit III, India",Lamivudine/Zidovudine,9.45,N/A - From RDC,SO-2501,Pre-PQ Process,Pre-PQ Process,ARV,130-NG-T01,26-May-08,Air,Adult,60,0.16,SCMS from RDC,N/A - From RDC,273
11508,DN-538,Generic,CÃte dIvoire,28-Dec-07,28-Dec-07,10mg/ml,Oral suspension,Yes,1301,From RDC,"Nevirapine 10mg/ml, oral suspension, Bottle, 240 ml",1.46,475,912.0,PMO - US,"Aurobindo Unit III, India",Nevirapine,1.92,N/A - From RDC,SO-1144,Pre-PQ Process,Pre-PQ Process,ARV,104-CI-T01,28-Dec-07,Air,Pediatric,240,0.01,SCMS from RDC,N/A - From RDC,170
10566,DN-172,Generic,Nigeria,26-Jun-07,26-Jun-07,150mg,Tablet,Yes,1732,From RDC,"Lamivudine 150mg, tablets, 60 Tabs",MIssing,880,2912.8,PMO - US,"Ranbaxy, Paonta Shahib, India",Lamivudine,3.31,N/A - From RDC,SO-557,Pre-PQ Process,Pre-PQ Process,ARV,112-NG-T01,26-Jun-07,MIssing,Adult,60,0.06,SCMS from RDC,N/A - From RDC,226
858,ASN-3332,Atripla,Tanzania,21-Apr-09,21-Apr-09,600/200/300mg,Tablet - FDC,Yes,9339,Direct Drop,"Efavirenz/Emtricitabine/Tenofovir Disoproxil Fumarate 600/200/300mg [Atripla], tablets, 30 Tabs",4939.2,50000,2520000.0,PMO - US,"MSD, Haarlem, NL",Efavirenz/Emtricitabine/Tenofovir Disoproxil Fumarate,50.4,12/19/08,SCMS-34680,Pre-PQ Process,Pre-PQ Process,ARV,109-TZ-T01,21-Apr-09,Air,Adult,30,1.68,MERCK SHARP & DOHME IDEA GMBH (FORMALLY MERCK SHARP & DOHME B.V.),CIP,4093
6608,ASN-70,Determine,CÃte dIvoire,27-Oct-06,27-Oct-06,MIssing,Test kit,Yes,4110.88,Direct Drop,"HIV 1/2, Determine Complete HIV Kit, 100 Tests",MIssing,600,48000.0,PMO - US,ABBVIE GmbH & Co.KG Wiesbaden,"HIV 1/2, Determine Complete HIV Kit",80.0,Date Not Captured,SCMS-108,Pre-PQ Process,Pre-PQ Process,HRDT,104-CI-T01,27-Oct-06,Air,HIV test,100,0.8,Abbott GmbH & Co. KG,FCA,205503
11847,DN-550,Truvada,Uganda,11-Mar-08,11-Mar-08,300/200mg,Tablet - FDC,No,See DN-550 (ID#:11846),From RDC,"Emtricitabine/Tenofovir Disoproxil Fumarate 200/300mg [Truvada], tablets, 30 Tabs",27.55,656,17220.0,PMO - US,Gilead(Nycomed) Oranienburg DE,Emtricitabine/Tenofovir Disoproxil Fumarate,26.25,N/A - From RDC,SO-1304,Pre-PQ Process,Pre-PQ Process,ARV,114-UG-T01,11-Mar-08,Air,Adult,30,0.88,SCMS from RDC,N/A - From RDC,See DN-550 (ID#:11846)
11758,DN-314,Stocrin/Sustiva,CÃte dIvoire,24-Aug-07,24-Aug-07,50mg,Capsule,No,See DN-314 (ID#:11757),From RDC,"Efavirenz 50mg [Stocrin/Sustiva], capsule, 30 Caps",25.07,4515,15667.05,PMO - US,"MSD, Haarlem, NL",Efavirenz,3.47,N/A - From RDC,SO-589,Pre-PQ Process,Pre-PQ Process,ARV,104-CI-T01,24-Aug-07,MIssing,Pediatric,30,0.12,SCMS from RDC,N/A - From RDC,See DN-314 (ID#:11757)
2257,ASN-3166,Stat-Pak,Guyana,27-Jan-09,27-Jan-09,MIssing,Test kit,Yes,692.38,Direct Drop,"HIV 1/2, Stat-Pak HIV, Kit, 20 Tests",5.29,100,2700.0,PMO - US,Chembio Diagnostics Sys. Inc.,"HIV 1/2, Stat-Pak HIV, Kit",27.0,12/23/08,SCMS-36540,Pre-PQ Process,Pre-PQ Process,HRDT,102-GY-T01,25-Feb-09,Air,HIV test,20,1.35,"CHEMBIO DIAGNOSTIC SYSTEMS, INC.",EXW,28
10547,DN-114,Truvada,Zambia,16-May-07,16-May-07,300/200mg,Tablet - FDC,Yes,5245.98,From RDC,"Emtricitabine/Tenofovir Disoproxil Fumarate 200/300mg [Truvada], tablets, 30 Tabs",MIssing,14851,389838.75,PMO - US,Gilead(Nycomed) Oranienburg DE,Emtricitabine/Tenofovir Disoproxil Fumarate,26.25,N/A - From RDC,SO-210,Pre-PQ Process,Pre-PQ Process,ARV,110-ZM-T01,16-May-07,MIssing,Adult,30,0.88,SCMS from RDC,N/A - From RDC,899
10926,DN-627,Generic,Haiti,08-Mar-08,08-Mar-08,200mg,Chewable/dispersible tablet,Yes,2587.9,From RDC,"Didanosine 200mg, chewable/dispersible tablets, 60 Tabs",2.48,100,1550.0,PMO - US,"Aurobindo Unit III, India",Didanosine,15.5,N/A - From RDC,SO-1285,Pre-PQ Process,Pre-PQ Process,ARV,106-HT-T01,08-Mar-08,Air,Pediatric,60,0.26,SCMS from RDC,N/A - From RDC,195
11864,DN-749,Generic,Zambia,29-May-08,29-May-08,200mg,Tablet,Yes,6002.19,From RDC,"Nevirapine 200mg, tablets, 60 Tabs",272,50000,170000.0,PMO - US,"Aurobindo Unit III, India",Nevirapine,3.4,N/A - From RDC,SO-2475,Pre-PQ Process,Pre-PQ Process,ARV,110-ZM-T01,29-May-08,Air,Adult,60,0.06,SCMS from RDC,N/A - From RDC,4733
134,ASN-616,OraQuick,Haiti,25-Aug-07,25-Aug-07,MIssing,Test kit,Yes,3097.85,Direct Drop,"HIV 1/2, OraQuick Advance HIV Rapid Antibody Kit, 100 Tests",14,25,8750.0,PMO - US,"Pacific Biotech, Thailand","HIV 1/2, OraQuick Advance HIV Rapid Antibody Kit",350.0,7/26/07,SCMS-10130,Pre-PQ Process,Pre-PQ Process,HRDT,100-HT-T01,25-Aug-07,Air,HIV test,100,3.5,Orasure Technologies Inc.,EXW,60
11723,DN-81,Generic,CÃte dIvoire,30-Apr-07,30-Apr-07,150/200/30mg,Tablet - FDC,Yes,3155,From RDC,"Lamivudine/Nevirapine/Stavudine 150/200/30mg, tablets, 60 Tabs",MIssing,9000,67500.0,PMO - US,"Cipla, Goa, India",Lamivudine/Nevirapine/Stavudine,7.5,N/A - From RDC,SO-435,Pre-PQ Process,Pre-PQ Process,ARV,100-CI-T01,30-Apr-07,MIssing,Adult,60,0.12,SCMS from RDC,N/A - From RDC,969
2705,ASN-194,OraQuick,Haiti,07-Feb-07,07-Feb-07,MIssing,Test kit,Yes,1498.02,Direct Drop,"HIV 1/2, OraQuick Advance HIV Rapid Antibody Kit, 100 Tests",MIssing,25,10000.0,PMO - US,"Pacific Biotech, Thailand","HIV 1/2, OraQuick Advance HIV Rapid Antibody Kit",400.0,Date Not Captured,SCMS-276,Pre-PQ Process,Pre-PQ Process,HRDT,106-HT-T01,07-Feb-07,Air,HIV test,100,4.0,Orasure Technologies Inc.,EXW,60
5045,ASN-3752,Generic,South Africa,21-Nov-08,21-Nov-08,600mg,Tablet,No,Freight Included in Commodity Cost,Direct Drop,"Efavirenz 600mg, tablets, 30 Tabs",28.48,1200,14532.0,PMO - US,"Cipla, Goa, India",Efavirenz,12.11,Date Not Captured,SCMS-41140,Pre-PQ Process,Pre-PQ Process,ARV,116-ZA-T01,31-Mar-09,Air,Adult,30,0.4,S. BUYS WHOLESALER,DDP,Weight Captured Separately
2477,ASN-3987,Determine,Guyana,05-Jun-09,05-Jun-09,MIssing,Test kit,Yes,1859.79,Direct Drop,"HIV 1/2, Determine Complete HIV Kit, 100 Tests",74.97,425,38250.0,PMO - US,Inverness Japan,"HIV 1/2, Determine Complete HIV Kit",90.0,3/31/09,SCMS-42290,Pre-PQ Process,Pre-PQ Process,HRDT,102-GY-T01,05-Jun-09,Air,HIV test,100,0.9,"Orgenics, Ltd",EXW,130
12207,DN-760,Determine,Kenya,26-May-08,26-May-08,MIssing,Test kit,Yes,Invoiced Separately,From RDC,"HIV 1/2, Determine HIV Kit, without Lancets, 100 Tests",127.98,1000,79990.0,PMO - US,Inverness Japan,"HIV 1/2, Determine HIV Kit, without Lancets",79.99,N/A - From RDC,SO-2692,Pre-PQ Process,Pre-PQ Process,HRDT,102-KE-T01,26-May-08,Truck,HIV test,100,0.8,SCMS from RDC,N/A - From RDC,Weight Captured Separately
13900,ASN-21679,Determine,Cameroon,10-Oct-13,18-Oct-13,MIssing,Test kit,Yes,1090.87,Direct Drop,"HIV 1/2, Determine Kit without Lancets, Buffer or Caplillary Tubes, 100 Tests",10.71,120,8658.0,PMO - US,"Alere Medical Co., Ltd.","HIV 1/2, Determine Kit without Lancets, Buffer or Capillary Tubes, 100 Tests",72.15,08-06-13,SCMS-201930,FPQ-12659,7/26/13,HRDT,103-CM-T30,10-Oct-13,Air,HIV test,100,0.72,"Orgenics, Ltd",EXW,Weight Captured Separately
9026,ASN-3610,Generic,South Africa,02-Feb-09,02-Feb-09,150mg,Tablet,No,Freight Included in Commodity Cost,Direct Drop,"Lamivudine 150mg, tablets, 60 Tabs",167.15,16000,85280.0,PMO - US,"Aurobindo Unit III, India",Lamivudine,5.33,Date Not Captured,SCMS-40880,Pre-PQ Process,Pre-PQ Process,ARV,116-ZA-T01,07-Jul-09,Air,Adult,60,0.09,S. BUYS WHOLESALER,DDP,Weight Captured Separately
3193,ASN-2293,Zerit,South Africa,08-May-08,08-May-08,30mg,Capsule,No,Freight Included in Commodity Cost,Direct Drop,"Stavudine 30mg [Zerit], capsules, 60 Caps",11.17,1350,6979.5,PMO - US,"BMS Meymac, France",Stavudine,5.17,Date Not Captured,SCMS-23500,Pre-PQ Process,Pre-PQ Process,ARV,116-ZA-T01,20-Aug-08,Truck,Adult,60,0.09,S. BUYS WHOLESALER,DDP,Weight Captured Separately
12823,DN-1011,Generic,Nigeria,20-Nov-08,20-Nov-08,150/30mg,Tablet - FDC,Yes,1266.05,From RDC,"Lamivudine/Stavudine 150/30mg, tablets, 60 Tabs",8.81,1152,4492.8,PMO - US,Mylan (formerly Matrix) Nashik,Lamivudine/Stavudine,3.9,N/A - From RDC,SO-10660,Pre-PQ Process,Pre-PQ Process,ARV,130-NG-T01,20-Nov-08,Air,Adult,60,0.06,SCMS from RDC,N/A - From RDC,85
11940,DN-853,Generic,Tanzania,29-Aug-08,29-Aug-08,150/200/30mg,Tablet - FDC,Yes,36855.6,From RDC,"Lamivudine/Nevirapine/Stavudine 150/200/30mg, tablets, 60 Tabs",23.81,2011,14881.4,PMO - US,"Cipla, Goa, India",Lamivudine/Nevirapine/Stavudine,7.4,N/A - From RDC,SO-2565,Pre-PQ Process,Pre-PQ Process,ARV,109-TZ-T01,29-Aug-08,Air,Adult,60,0.12,SCMS from RDC,N/A - From RDC,6650
11678,DN-1397,Generic,Uganda,24-Aug-09,24-Aug-09,200mg,Tablet,Yes,4999.48,From RDC,"Nevirapine 200mg, tablets, 60 Tabs",25.94,4564,13235.6,PMO - US,"Aurobindo Unit III, India",Nevirapine,2.9,N/A - From RDC,SO-32920,Pre-PQ Process,Date Not Captured,ARV,114-UG-T01,24-Aug-09,Air,Adult,60,0.05,SCMS from RDC,N/A - From RDC,847
11238,DN-688,Generic,Mozambique,30-Jun-08,30-Jun-08,150/200/30mg,Tablet - FDC,Yes,8654.7,From RDC,"Lamivudine/Nevirapine/Stavudine 150/200/30mg, tablets, 60 Tabs",1076.91,90955,673067.0,PMO - US,"Cipla, Goa, India",Lamivudine/Nevirapine/Stavudine,7.4,N/A - From RDC,SO-1310,Pre-PQ Process,Pre-PQ Process,ARV,111-MZ-T01,30-Jun-08,Air,Adult,60,0.12,SCMS from RDC,N/A - From RDC,16579
12793,DN-842,Uni-Gold,Cameroon,20-Aug-08,20-Aug-08,MIssing,Test kit,Yes,7805.33,From RDC,"HIV 1/2, Uni-Gold HIV Kit, 20 Tests",102.4,2000,64000.0,PMO - US,"Trinity Biotech, Plc","HIV 1/2, Uni-Gold HIV Kit",32.0,N/A - From RDC,SO-11520,Pre-PQ Process,Pre-PQ Process,HRDT,136-RW-T01,20-Aug-08,Air,HIV test,20,1.6,SCMS from RDC,N/A - From RDC,643
10707,DN-719,Generic,Zambia,09-May-08,09-May-08,150/300mg,Tablet - FDC,Yes,1891.44,From RDC,"Lamivudine/Zidovudine 150/300mg, tablets, 60 Tabs",609.64,40320,381024.0,PMO - US,"Aurobindo Unit III, India",Lamivudine/Zidovudine,9.45,N/A - From RDC,SO-1890,Pre-PQ Process,Pre-PQ Process,ARV,110-ZM-T01,09-May-08,MIssing,Adult,60,0.16,SCMS from RDC,N/A - From RDC,3750
438,ASN-1923,Videx,Vietnam,12-Jul-08,12-Jul-08,25mg,Chewable/dispersible tablet,Yes,2211.05,Direct Drop,"Didanosine 25mg [Videx], chewable tablets, 60 Tabs",4.48,400,2800.0,PMO - US,"BMS Meymac, France",Didanosine,7.0,3/31/08,SCMS-20310,Pre-PQ Process,Pre-PQ Process,ARV,108-VN-T01,12-Jul-08,Air,Pediatric,60,0.12,BRISTOL-MYERS SQUIBB,CIP,81
12086,DN-292,Generic,Tanzania,29-Aug-07,29-Aug-07,150/300mg,Tablet - FDC,Yes,7533,From RDC,"Lamivudine/Zidovudine 150/300mg, tablets, 60 Tabs",503.91,29489,314942.52,PMO - US,"Aurobindo Unit III, India",Lamivudine/Zidovudine,10.68,N/A - From RDC,SO-457,Pre-PQ Process,Pre-PQ Process,ARV,109-TZ-T01,29-Aug-07,Air,Adult,60,0.18,SCMS from RDC,N/A - From RDC,2670
11563,DN-965,Generic,Kenya,23-Oct-08,23-Oct-08,MIssing,Test kit - Ancillary,Yes,Invoiced Separately,From RDC,"HIV, Lancet, Safety, for HIV Test kits, 100 Pcs",0.1,5000,50.0,PMO - US,Inverness Japan,"HIV, Lancet, Safety, for HIV Test kits, 100 Pcs",0.01,N/A - From RDC,SO-11440,Pre-PQ Process,Pre-PQ Process,HRDT,102-KE-T01,23-Oct-08,Truck,HIV test - Ancillary,100,0.0,SCMS from RDC,N/A - From RDC,Weight Captured Separately
115,ASN-781,Generic,Vietnam,15-Oct-07,15-Oct-07,10mg/ml,Oral suspension,Yes,4193.49,Direct Drop,"Nevirapine 10mg/ml, oral suspension, Bottle, 240 ml",3.07,1000,1920.0,PMO - US,"Aurobindo Unit III, India",Nevirapine,1.92,07-04-07,SCMS-753,Pre-PQ Process,Pre-PQ Process,ARV,108-VN-T01,15-Oct-07,Air,Pediatric,240,0.01,Aurobindo Pharma Limited,EXW,941
7009,ASN-1665,Retrovir,South Africa,24-Apr-08,24-Apr-08,10mg/ml,Oral solution,No,Freight Included in Commodity Cost,Direct Drop,"Zidovudine 10mg/ml [Retrovir], oral solution, Bottle, 200 ml",1.08,100,676.0,PMO - US,GSK Mississauga (Canada),Zidovudine,6.76,2/20/08,SCMS-19800,Pre-PQ Process,Pre-PQ Process,ARV,116-ZA-T01,24-Apr-08,Truck,Pediatric,200,0.03,S. BUYS WHOLESALER,DDP,Weight Captured Separately
3747,ASN-4018,Generic,South Africa,03-Apr-09,03-Apr-09,300mg,Tablet,Yes,Freight Included in Commodity Cost,Direct Drop,"Zidovudine 300mg, tablets, 60 Tabs",45.26,1977,23091.36,PMO - US,"Aurobindo Unit III, India",Zidovudine,11.68,3/13/09,SCMS-41100,Pre-PQ Process,Pre-PQ Process,ARV,116-ZA-T01,17-Jun-09,Air,Adult,60,0.19,S. BUYS WHOLESALER,DDP,Weight Captured Separately
12591,DN-1281,Aluvia,Uganda,26-Jun-09,26-Jun-09,200/50mg,Tablet,Yes,1359.4,From RDC,"Lopinavir/Ritonavir 200/50mg [Aluvia], tablets, 120 Tabs",17.72,220,9042.0,PMO - US,ABBVIE Ludwigshafen Germany,Lopinavir/Ritonavir,41.1,N/A - From RDC,SO-31430,Pre-PQ Process,Pre-PQ Process,ARV,114-UG-T01,26-Jun-09,Air,Adult,120,0.34,SCMS from RDC,N/A - From RDC,50
7926,ASN-19,Determine,Nigeria,21-Jul-06,21-Jul-06,MIssing,Test kit,Yes,Freight Included in Commodity Cost,Direct Drop,"HIV 1/2, Determine Complete HIV Kit, 100 Tests",MIssing,500,60000.0,PMO - US,ABBVIE (Abbott) Japan Co. Ltd.,"HIV 1/2, Determine Complete HIV Kit",120.0,Date Not Captured,SCMS-33,Pre-PQ Process,Pre-PQ Process,HRDT,102-NG-T01,21-Jul-06,MIssing,HIV test,100,1.2,ACCOUN NIGERIA LIMITED,DDU,Weight Captured Separately
12244,DN-880,Uni-Gold,Kenya,08-Aug-08,08-Aug-08,MIssing,Test kit,Yes,167.44,From RDC,"HIV 1/2, Uni-Gold HIV Kit, 20 Tests",8.6,168,5376.0,PMO - US,"Trinity Biotech, Plc","HIV 1/2, Uni-Gold HIV Kit",32.0,N/A - From RDC,SO-12700,Pre-PQ Process,Pre-PQ Process,HRDT,510-KE-T01,08-Aug-08,Truck,HIV test,20,1.6,SCMS from RDC,N/A - From RDC,56
11516,DN-489,Generic,Uganda,15-Jan-08,15-Jan-08,150/300mg,Tablet - FDC,Yes,1154.5,From RDC,"Lamivudine/Zidovudine 150/300mg, tablets, 60 Tabs",31.68,2084,19798.0,PMO - US,"Aurobindo Unit III, India",Lamivudine/Zidovudine,9.5,N/A - From RDC,SO-1302,Pre-PQ Process,Pre-PQ Process,ARV,114-UG-T01,15-Jan-08,Air,Adult,60,0.16,SCMS from RDC,N/A - From RDC,237
12314,DN-1404,Generic,Zambia,22-Sep-09,22-Sep-09,300/300mg,Tablet - FDC,Yes,6759.28,From RDC,"Lamivudine/Tenofovir Disoproxil Fumarate 300/300mg, tablets, 30 Tabs",2073.68,92000,1058000.0,PMO - US,Mylan (formerly Matrix) Nashik,Lamivudine/Tenofovir Disoproxil Fumarate,11.5,N/A - From RDC,SO-29080,Pre-PQ Process,Date Not Captured,ARV,110-ZM-T01,22-Sep-09,Truck,Adult,30,0.38,SCMS from RDC,N/A - From RDC,7678
11432,DN-307,Generic,Mozambique,04-Sep-07,04-Sep-07,150/300mg,Tablet - FDC,Yes,1998.5,From RDC,"Lamivudine/Zidovudine 150/300mg, tablets, 60 Tabs",164.16,10800,102600.0,PMO - US,"Aurobindo Unit III, India",Lamivudine/Zidovudine,9.5,N/A - From RDC,SO-925,Pre-PQ Process,Pre-PQ Process,ARV,111-MZ-T01,04-Sep-07,Air,Adult,60,0.16,SCMS from RDC,N/A - From RDC,1020
12749,DN-449,Aluvia,CÃte dIvoire,18-Dec-07,18-Dec-07,200/50mg,Tablet,Yes,1603.44,From RDC,"Lopinavir/Ritonavir 200/50mg [Aluvia], tablets, 120 Tabs",26.5,403,16563.3,PMO - US,ABBVIE Ludwigshafen Germany,Lopinavir/Ritonavir,41.1,N/A - From RDC,SO-1297,Pre-PQ Process,Pre-PQ Process,ARV,104-CI-T01,18-Dec-07,Air,Adult,120,0.34,SCMS from RDC,N/A - From RDC,88
10975,DN-727,Aluvia,Guyana,09-May-08,09-May-08,200/50mg,Tablet,Yes,1608.7,From RDC,"Lopinavir/Ritonavir 200/50mg [Aluvia], tablets, 120 Tabs",19.73,150,12330.0,PMO - US,ABBVIE Ludwigshafen Germany,Lopinavir/Ritonavir,82.2,N/A - From RDC,SO-2464,Pre-PQ Process,Pre-PQ Process,ARV,105-GY-T01,09-May-08,Air,Adult,120,0.68,SCMS from RDC,N/A - From RDC,34
3737,ASN-3575,Generic,South Africa,01-Dec-08,01-Dec-08,200mg,Capsule,No,Freight Included in Commodity Cost,Direct Drop,"Efavirenz 200mg, capsule, 90 Caps",30.41,824,15515.92,PMO - US,"Aurobindo Unit III, India",Efavirenz,18.83,Date Not Captured,SCMS-40790,Pre-PQ Process,Pre-PQ Process,ARV,116-ZA-T01,24-Mar-09,Air,Pediatric,90,0.21,S. BUYS WHOLESALER,DDP,Weight Captured Separately
12830,DN-1049,Generic,Kenya,15-Jan-09,15-Jan-09,600mg,Tablet,Yes,Invoiced Separately,From RDC,"Efavirenz 600mg, tablets, 30 Tabs",0.07,3770,37.7,PMO - US,"Aurobindo Unit III, India",Efavirenz,0.01,N/A - From RDC,SO-21980,Pre-PQ Process,Pre-PQ Process,ARV,127-KE-T01,15-Jan-09,Air,Adult,30,0.0,SCMS from RDC,N/A - From RDC,Weight Captured Separately
1115,ASN-4332,Generic,South Africa,23-Apr-09,23-Apr-09,300mg,Tablet,Yes,3134.85,Direct Drop,"Zidovudine 300mg, tablets, 60 Tabs",38.75,1000,19770.0,PMO - US,"Aurobindo Unit III, India",Zidovudine,19.77,04-02-09,SCMS-47500,Pre-PQ Process,Pre-PQ Process,ARV,116-ZA-T01,15-May-09,Truck,Adult,60,0.33,S. BUYS WHOLESALER,DDP,Weight Captured Separately
8271,ASN-1355,Bioline,Benin,04-Mar-08,04-Mar-08,MIssing,Test kit,Yes,1136.37,Direct Drop,"HIV 1/2, Bioline 3.0 Kit, Lancets, Capillary pipets, Alcohol swabs included, 25 Tests",7.42,232,4640.0,PMO - US,"Standard Diagnostics, Korea","HIV 1/2, Bioline 3.0 Kit, Lancets, Capillary pipets, Alcohol swabs included",20.0,02-06-08,SCMS-17290,Pre-PQ Process,Pre-PQ Process,HRDT,128-BJ-T01,04-Mar-08,Air,HIV test,25,0.8,"Standard Diagnostics, Inc.",EXW,70
11231,DN-589,Generic,Uganda,28-Feb-08,28-Feb-08,150/300mg,Tablet - FDC,No,See DN-589 (ID#:10670),From RDC,"Lamivudine/Zidovudine 150/300mg, tablets, 60 Tabs",43.82,2883,27388.5,PMO - US,"Aurobindo Unit III, India",Lamivudine/Zidovudine,9.5,N/A - From RDC,SO-1082,Pre-PQ Process,Pre-PQ Process,ARV,114-UG-T01,28-Feb-08,MIssing,Adult,60,0.16,SCMS from RDC,N/A - From RDC,See DN-589 (ID#:10670)
11294,DN-1100,Generic,Haiti,03-Mar-09,03-Mar-09,200mg,Capsule,No,See DN-1100 (ID#:11005),From RDC,"Efavirenz 200mg, capsule, 90 Caps",6.28,210,3204.6,PMO - US,"Aurobindo Unit III, India",Efavirenz,15.26,N/A - From RDC,SO-23750,Pre-PQ Process,Pre-PQ Process,ARV,106-HT-T01,03-Mar-09,Air,Pediatric,90,0.17,SCMS from RDC,N/A - From RDC,See DN-1100 (ID#:11005)
11683,DN-1427,Generic,CÃte dIvoire,25-Sep-09,25-Sep-09,150mg,Tablet,Yes,5678.7,From RDC,"Lamivudine 150mg, tablets, 60 Tabs",21.04,4400,10736.0,PMO - US,"Aurobindo Unit III, India",Lamivudine,2.44,N/A - From RDC,SO-33230,Pre-PQ Process,Date Not Captured,ARV,104-CI-T01,25-Sep-09,Air,Adult,60,0.04,SCMS from RDC,N/A - From RDC,640
12899,DN-1341,Generic,Nigeria,04-Aug-09,04-Aug-09,150/300/200mg,Tablet - FDC,Yes,7445.8,From RDC,"Lamivudine/Nevirapine/Zidovudine 150/200/300mg, tablets, 60 Tabs",28.33,1268,14455.2,PMO - US,"Aurobindo Unit III, India",Lamivudine/Nevirapine/Zidovudine,11.4,N/A - From RDC,SO-32647,Pre-PQ Process,Date Not Captured,ARV,151-NG-T01,04-Aug-09,Air Charter,Adult,60,0.19,SCMS from RDC,N/A - From RDC,143
11037,DN-1189,Determine,Kenya,27-Apr-09,27-Apr-09,MIssing,Test kit,No,See DN-1189 (ID#:10759),From RDC,"HIV 1/2, Determine Complete HIV Kit, 100 Tests",2352,15000,1200000.0,PMO - US,Inverness Japan,"HIV 1/2, Determine Complete HIV Kit",80.0,N/A - From RDC,SO-18001,Pre-PQ Process,Pre-PQ Process,HRDT,102-KE-T01,27-Apr-09,Truck,HIV test,100,0.8,SCMS from RDC,N/A - From RDC,See DN-1189 (ID#:10759)
10126,ASN-3853,Atripla,Tanzania,15-Jun-09,15-Jun-09,600/200/300mg,Tablet - FDC,No,See ASN-3853 (ID#:4824),Direct Drop,"Efavirenz/Emtricitabine/Tenofovir Disoproxil Fumarate 600/200/300mg [Atripla], tablets, 30 Tabs",232.83,2357,118792.8,PMO - US,"MSD, Haarlem, NL",Efavirenz/Emtricitabine/Tenofovir Disoproxil Fumarate,50.4,12/30/08,SCMS-34690,Pre-PQ Process,Pre-PQ Process,ARV,109-TZ-T01,15-Jun-09,Air,Adult,30,1.68,MERCK SHARP & DOHME IDEA GMBH (FORMALLY MERCK SHARP & DOHME B.V.),CIP,See ASN-3853 (ID#:4824)
12729,DN-426,Generic,Mozambique,29-Nov-07,29-Nov-07,600mg,Tablet,No,See DN-426 (ID#:10633),From RDC,"Efavirenz 600mg, tablets, 30 Tabs",741.23,37300,463266.0,PMO - US,"Cipla, Goa, India",Efavirenz,12.42,N/A - From RDC,SO-1038,Pre-PQ Process,Pre-PQ Process,ARV,111-MZ-T01,29-Nov-07,Air,Adult,30,0.41,SCMS from RDC,N/A - From RDC,See DN-426 (ID#:10633)
11151,DN-318,Generic,CÃte dIvoire,10-Sep-07,10-Sep-07,600mg,Tablet,Yes,18101.32,From RDC,"Efavirenz 600mg, tablets, 30 Tabs",651.36,25037,407101.62,PMO - US,"Aurobindo Unit III, India",Efavirenz,16.26,N/A - From RDC,SO-922,Pre-PQ Process,Pre-PQ Process,ARV,104-CI-T01,10-Sep-07,MIssing,Adult,30,0.54,SCMS from RDC,N/A - From RDC,2213
12648,DN-77,Generic,CÃte dIvoire,30-Apr-07,30-Apr-07,600mg,Tablet,Yes,2660,From RDC,"Efavirenz 600mg, tablets, 30 Tabs",MIssing,8148,132405.0,PMO - US,"Aurobindo Unit III, India",Efavirenz,16.25,N/A - From RDC,SO-433,Pre-PQ Process,Pre-PQ Process,ARV,100-CI-T01,30-Apr-07,MIssing,Adult,30,0.54,SCMS from RDC,N/A - From RDC,743
9751,ASN-2293,Stocrin/Sustiva,South Africa,08-May-08,08-May-08,200mg,Capsule,No,Freight Included in Commodity Cost,Direct Drop,"Efavirenz 200mg [Stocrin/Sustiva], capsule, 90 Caps",4.12,80,2572.0,PMO - US,"MSD Midrand, Jburg, SA",Efavirenz,32.15,Date Not Captured,SCMS-23500,Pre-PQ Process,Pre-PQ Process,ARV,116-ZA-T01,20-Aug-08,Truck,Pediatric,90,0.36,S. BUYS WHOLESALER,DDP,Weight Captured Separately
11210,DN-494,Kaletra,Zambia,28-Dec-07,28-Dec-07,80/20mg/ml,Oral solution,Yes,4522.03,From RDC,"Lopinavir/Ritonavir 80/20mg/ml [Kaletra], oral solution, cool, Bottle 5 x 60 ml",41.43,630,25893.0,PMO - US,ABBVIE (Abbott) Logis. UK,Lopinavir/Ritonavir,41.1,N/A - From RDC,SO-1362,Pre-PQ Process,Pre-PQ Process,ARV,110-ZM-T01,28-Dec-07,MIssing,Pediatric,300,0.14,SCMS from RDC,N/A - From RDC,83
9866,ASN-2438,Determine,Nigeria,15-Oct-08,15-Oct-08,MIssing,Test kit,No,See ASN-2438 (ID#:1941),Direct Drop,"HIV 1/2, Determine HIV Kit, without Lancets, 100 Tests",832.15,6502,520094.98,PMO - US,Inverness Japan,"HIV 1/2, Determine HIV Kit, without Lancets",79.99,7/18/08,SCMS-27060,Pre-PQ Process,Pre-PQ Process,HRDT,133-NG-T01,15-Oct-08,Air,HIV test,100,0.8,"Orgenics, Ltd",EXW,See ASN-2438 (ID#:1941)
10477,ASN-4412,Determine,Namibia,29-Jul-09,29-Jul-09,MIssing,Test kit,Yes,2681.23,Direct Drop,"HIV 1/2, Determine Complete HIV Kit, 100 Tests",21.17,150,10800.0,PMO - US,Inverness Japan,"HIV 1/2, Determine Complete HIV Kit",72.0,06-01-09,SCMS-46810,Pre-PQ Process,Pre-PQ Process,HRDT,119-NA-T01,29-Jul-09,Air,HIV test,100,0.72,"Orgenics, Ltd",EXW,47
11761,DN-300,Determine,Zimbabwe,24-Aug-07,24-Aug-07,MIssing,Test kit,Yes,1645.12,From RDC,"HIV 1/2, Determine Complete HIV Kit, 100 Tests",192,1500,120000.0,PMO - US,ABBVIE GmbH & Co.KG Wiesbaden,"HIV 1/2, Determine Complete HIV Kit",80.0,N/A - From RDC,SO-892,Pre-PQ Process,Pre-PQ Process,HRDT,113-ZW-T01,24-Aug-07,Truck,HIV test,100,0.8,SCMS from RDC,N/A - From RDC,343
2927,ASN-1028,Uni-Gold,Rwanda,10-Jan-08,10-Jan-08,MIssing,Test kit,Yes,38425.29,Direct Drop,"HIV 1/2, Uni-Gold HIV Kit, 20 Tests",230.4,4500,144000.0,PMO - US,"Trinity Biotech, Plc","HIV 1/2, Uni-Gold HIV Kit",32.0,11/16/07,SCMS-14140,Pre-PQ Process,Pre-PQ Process,HRDT,107-RW-T01,10-Jan-08,Air,HIV test,20,1.6,"Trinity Biotech, Plc",EXW,2300
12509,DN-745,Generic,Haiti,02-Jun-08,02-Jun-08,300mg,Tablet,Yes,1355.06,From RDC,"Zidovudine 300mg, tablets, 60 Tabs",25.1,1925,15688.75,PMO - US,"Aurobindo Unit III, India",Zidovudine,8.15,N/A - From RDC,SO-2348,Pre-PQ Process,Pre-PQ Process,ARV,106-HT-T01,02-Jun-08,Air,Adult,60,0.14,SCMS from RDC,N/A - From RDC,111
10944,DN-597,Generic,Mozambique,29-Feb-08,29-Feb-08,MIssing,Test kit - Ancillary,No,See DN-597 (ID#:10671),From RDC,"HIV, Lancet, Safety, for HIV Test kits, 100 Pcs",0.07,4300,43.0,PMO - US,Inverness Japan,"HIV, Lancet, Safety, for HIV Test kits, 100 Pcs",0.01,N/A - From RDC,SO-1063,Pre-PQ Process,Pre-PQ Process,HRDT,111-MZ-T01,29-Feb-08,Air,HIV test - Ancillary,100,0.0,SCMS from RDC,N/A - From RDC,See DN-597 (ID#:10671)
10811,DN-28,Norvir,CÃte dIvoire,08-Mar-07,08-Mar-07,100mg,Capsule,Yes,3660.4,From RDC,"Ritonavir 100mg [Norvir], capsules, cool, 4 x 84 Caps",MIssing,360,13809.6,PMO - US,ABBVIE (Abbott) France,Ritonavir,38.36,N/A - From RDC,SO-350,Pre-PQ Process,Pre-PQ Process,ARV,100-CI-T01,08-Mar-07,MIssing,Adult,336,0.11,SCMS from RDC,N/A - From RDC,630
11556,DN-823,Generic,Zambia,23-Jul-08,23-Jul-08,150/200/30mg,Tablet - FDC,No,See DN-823 (ID#:11271),From RDC,"Lamivudine/Nevirapine/Stavudine 150/200/30mg, tablets, 60 Tabs",691.2,60000,432000.0,PMO - US,"Strides, Bangalore, India.",Lamivudine/Nevirapine/Stavudine,7.2,N/A - From RDC,SO-2549,Pre-PQ Process,Pre-PQ Process,ARV,110-ZM-T01,23-Jul-08,Truck,Adult,60,0.12,SCMS from RDC,N/A - From RDC,See DN-823 (ID#:11271)
12868,DN-1122,Generic,CÃte dIvoire,29-Apr-09,29-Apr-09,150/300mg,Tablet - FDC,Yes,7608.7,From RDC,"Lamivudine/Zidovudine 150/300mg, tablets, 60 Tabs",524.56,28624,267634.4,PMO - US,"Aurobindo Unit III, India",Lamivudine/Zidovudine,9.35,N/A - From RDC,SO-19340,Pre-PQ Process,Pre-PQ Process,ARV,104-CI-T01,29-Apr-09,Air,Adult,60,0.16,SCMS from RDC,N/A - From RDC,2583
1724,ASN-1667,Videx EC,South Africa,07-Apr-08,07-Apr-08,250mg,Delayed-release capsules - blister,No,Freight Included in Commodity Cost,Direct Drop,"Didanosine EC 250mg [Videx EC], delayed-release capsules, Blister 3 x 10 Caps",2.96,100,1849.0,PMO - US,"BMS Meymac, France",Didanosine EC,18.49,04-04-08,SCMS-21460,Pre-PQ Process,Pre-PQ Process,ARV,116-ZA-T01,25-Apr-08,MIssing,Adult,30,0.62,S. BUYS WHOLESALER,DDP,Weight Captured Separately
11802,DN-393,Generic,CÃte dIvoire,22-Nov-07,22-Nov-07,10mg/ml,Oral solution,Yes,23907.05,From RDC,"Zidovudine 10mg/ml, oral solution, Bottle, 240 ml",23.31,6777,14570.55,PMO - US,"Aurobindo Unit III, India",Zidovudine,2.15,N/A - From RDC,SO-1105,Pre-PQ Process,Pre-PQ Process,ARV,104-CI-T01,22-Nov-07,Air,Pediatric,240,0.01,SCMS from RDC,N/A - From RDC,2510
11189,DN-392,Generic,Zimbabwe,22-Oct-07,22-Oct-07,200mg,Tablet,Yes,707.4,From RDC,"Nevirapine 200mg, tablets, 60 Tabs",2.94,500,1835.0,PMO - US,"Aurobindo Unit III, India",Nevirapine,3.67,N/A - From RDC,SO-281,Pre-PQ Process,Pre-PQ Process,ARV,113-ZW-T01,22-Oct-07,MIssing,Adult,60,0.06,SCMS from RDC,N/A - From RDC,47
3153,ASN-1939,Generic,Botswana,07-Jul-08,07-Jul-08,MIssing,Test kit - Ancillary,Yes,Invoiced Separately,Direct Drop,"HIV, Lancet, Safety, for HIV Test kits, 100 Pcs",0,100,1.0,PMO - US,Inverness Japan,"HIV, Lancet, Safety, for HIV Test kits, 100 Pcs",0.01,4/28/08,SCMS-22730,Pre-PQ Process,Pre-PQ Process,HRDT,102-BW-T01,31-Jul-08,Air,HIV test - Ancillary,100,0.0,"Orgenics, Ltd",EXW,Weight Captured Separately
11097,DN-72,Generic,Nigeria,17-Apr-07,17-Apr-07,30mg,Capsule,Yes,4251,From RDC,"Stavudine 30mg, capsules, 60 Caps",MIssing,1260,2016.0,PMO - US,"Aurobindo Unit III, India",Stavudine,1.6,N/A - From RDC,SO-340,Pre-PQ Process,Pre-PQ Process,ARV,112-NG-T01,17-Apr-07,MIssing,Adult,60,0.03,SCMS from RDC,N/A - From RDC,988
4215,ASN-1231,Generic,Vietnam,22-Jan-08,22-Jan-08,20mg,Capsule,No,See ASN-1231 (ID#:2947),Direct Drop,"Stavudine 20mg, capsules, 60 Caps",2.24,800,1400.0,PMO - US,"Aurobindo Unit III, India",Stavudine,1.75,12-05-07,SCMS-14930,Pre-PQ Process,Pre-PQ Process,ARV,108-VN-T01,22-Jan-08,Air,Adult,60,0.03,Aurobindo Pharma Limited,EXW,See ASN-1231 (ID#:2947)
11738,DN-269,Generic,Zimbabwe,17-Aug-07,17-Aug-07,150/30mg,Tablet - FDC,Yes,5348,From RDC,"Lamivudine/Stavudine 150/30mg, tablets, 30 Tabs",20.48,6400,12800.0,PMO - US,"Cipla, Goa, India",Lamivudine/Stavudine,2.0,N/A - From RDC,SO-720,Pre-PQ Process,Pre-PQ Process,ARV,100-ZW-T01,17-Aug-07,Truck,Adult,30,0.07,SCMS from RDC,N/A - From RDC,570
12742,DN-458,Generic,Haiti,05-Dec-07,05-Dec-07,100mg,Capsule,No,See DN-458 (ID#:11814),From RDC,"Zidovudine 100mg, capsules, 100 Caps",4.22,480,2635.2,PMO - US,"Aurobindo Unit III, India",Zidovudine,5.49,N/A - From RDC,SO-1286,Pre-PQ Process,Pre-PQ Process,ARV,106-HT-T01,05-Dec-07,Air,Pediatric,100,0.05,SCMS from RDC,N/A - From RDC,See DN-458 (ID#:11814)
7939,ASN-75,Determine,Haiti,15-Sep-06,15-Sep-06,MIssing,Test kit,Yes,Freight Included in Commodity Cost,Direct Drop,"HIV 1/2, Determine Complete HIV Kit, 100 Tests",MIssing,150,22500.0,PMO - US,ABBVIE (Abbott) Japan Co. Ltd.,"HIV 1/2, Determine Complete HIV Kit",150.0,Date Not Captured,SCMS-75,Pre-PQ Process,Pre-PQ Process,HRDT,106-HT-T01,15-Sep-06,Air,HIV test,100,1.5,REINBOLD EXPORT IMPORT,DDP,Weight Captured Separately
13648,ASN-32231,Determine,"Congo, DRC",23-Jul-15,29-Jul-15,MIssing,Test kit,Yes,Invoiced Separately,Direct Drop,"HIV 1/2, Determine Complete HIV Kit, 100 Tests",13.46,143,11440.0,PMO - US,"Alere Medical Co., Ltd.","HIV 1/2, Determine Complete HIV Kit",80.0,3/17/15,SCMS-280220,FPQ-16001,03-10-15,HRDT,101-CD-T30,23-Jul-15,Air,HIV test,100,0.8,"Orgenics, Ltd",EXW,Weight Captured Separately
11552,DN-631,Generic,Ethiopia,06-Mar-08,06-Mar-08,150mg,Tablet,Yes,12047.8,From RDC,"Lamivudine 150mg, tablets, 60 Tabs",318.59,65500,199120.0,PMO - US,"Ranbaxy, Paonta Shahib, India",Lamivudine,3.04,N/A - From RDC,SO-1537,Pre-PQ Process,Pre-PQ Process,ARV,117-ET-T01,06-Mar-08,Air,Adult,60,0.05,SCMS from RDC,N/A - From RDC,3858
10741,DN-849,Generic,Tanzania,22-Aug-08,22-Aug-08,150/300mg,Tablet - FDC,Yes,3482.59,From RDC,"Lamivudine/Zidovudine 150/300mg, tablets, 60 Tabs",697.98,46163,436240.35,PMO - US,"Aurobindo Unit III, India",Lamivudine/Zidovudine,9.45,N/A - From RDC,SO-2562,Pre-PQ Process,Pre-PQ Process,ARV,109-TZ-T01,22-Aug-08,Truck,Adult,60,0.16,SCMS from RDC,N/A - From RDC,4237
11593,DN-969,Truvada,Uganda,04-Nov-08,04-Nov-08,300/200mg,Tablet - FDC,Yes,4503,From RDC,"Emtricitabine/Tenofovir Disoproxil Fumarate 200/300mg [Truvada], tablets, 30 Tabs",3.45,67,1758.75,PMO - US,Gilead(Nycomed) Oranienburg DE,Emtricitabine/Tenofovir Disoproxil Fumarate,26.25,N/A - From RDC,SO-17440,Pre-PQ Process,Pre-PQ Process,ARV,114-UG-T01,04-Nov-08,Air,Adult,30,0.88,SCMS from RDC,N/A - From RDC,666
12594,DN-1297,Truvada,CÃte dIvoire,30-Jun-09,30-Jun-09,300/200mg,Tablet - FDC,Yes,1660.07,From RDC,"Emtricitabine/Tenofovir Disoproxil Fumarate 200/300mg [Truvada], tablets, 30 Tabs",111.13,2160,56700.0,PMO - US,"Aspen-OSD, Port Elizabeth, SA",Emtricitabine/Tenofovir Disoproxil Fumarate,26.25,N/A - From RDC,SO-31960,Pre-PQ Process,Pre-PQ Process,ARV,104-CI-T01,30-Jun-09,Air,Adult,30,0.88,SCMS from RDC,N/A - From RDC,186
11088,DN-26,Generic,CÃte dIvoire,08-Mar-07,08-Mar-07,600mg,Tablet,Yes,1448,From RDC,"Efavirenz 600mg, tablets, 30 Tabs",MIssing,3024,49140.0,PMO - US,"Aurobindo Unit III, India",Efavirenz,16.25,N/A - From RDC,SO-283,Pre-PQ Process,Pre-PQ Process,ARV,100-CI-T01,22-Feb-07,MIssing,Adult,30,0.54,SCMS from RDC,N/A - From RDC,275
12016,DN-1487,Generic,Lebanon,18-Nov-09,18-Nov-09,10mg/ml,Oral solution,No,See DN-1487 (ID#:11073),From RDC,"Zidovudine 10mg/ml, oral solution, Bottle, 240 ml",0,24,0.24,PMO - US,"Aurobindo Unit III, India",Zidovudine,0.01,N/A - From RDC,SO-33900,Pre-PQ Process,Date Not Captured,ARV,100-LB-T01,18-Nov-09,Air,Pediatric,240,0.0,SCMS from RDC,N/A - From RDC,See DN-1487 (ID#:11073)
420,ASN-1753,Generic,Vietnam,03-Jun-08,03-Jun-08,600mg,Tablet,Yes,4051.34,Direct Drop,"Efavirenz 600mg, tablets, 30 Tabs",154.29,8400,96432.0,PMO - US,Mylan (formerly Matrix) Nashik,Efavirenz,11.48,3/31/08,SCMS-19490,Pre-PQ Process,Pre-PQ Process,ARV,108-VN-T01,03-Jun-08,Air,Adult,30,0.38,MYLAN LABORATORIES LTD (FORMERLY MATRIX LABORATORIES),EXW,654
12604,DN-1380,Generic,Mozambique,17-Sep-09,17-Sep-09,150/200/30mg,Tablet - FDC,No,See DN-1380 (ID#:12000),From RDC,"Lamivudine/Nevirapine/Stavudine 150/200/30mg, tablets, 60 Tabs",586.12,42000,299040.0,PMO - US,"Strides, Bangalore, India.",Lamivudine/Nevirapine/Stavudine,7.12,N/A - From RDC,SO-32530,Pre-PQ Process,Date Not Captured,ARV,111-MZ-T01,17-Sep-09,Truck,Adult,60,0.12,SCMS from RDC,N/A - From RDC,See DN-1380 (ID#:12000)
12578,DN-1222,Generic,Uganda,24-Jun-09,24-Jun-09,200mg,Tablet,No,See DN-1222 (ID#:11317),From RDC,"Nevirapine 200mg, tablets, 60 Tabs",0.67,107,342.4,PMO - US,"Aurobindo Unit III, India",Nevirapine,3.2,N/A - From RDC,SO-26140,Pre-PQ Process,Pre-PQ Process,ARV,114-UG-T01,24-Jun-09,Air,Adult,60,0.05,SCMS from RDC,N/A - From RDC,See DN-1222 (ID#:11317)
10998,DN-858,Generic,Mozambique,05-Sep-08,05-Sep-08,150/200/30mg,Tablet - FDC,Yes,Freight Included in Commodity Cost,From RDC,"Lamivudine/Nevirapine/Stavudine 150/200/30mg, tablets, 60 Tabs",921.6,80000,576000.0,PMO - US,"Strides, Bangalore, India.",Lamivudine/Nevirapine/Stavudine,7.2,N/A - From RDC,SO-2524,Pre-PQ Process,Pre-PQ Process,ARV,111-MZ-T01,05-Sep-08,Truck,Adult,60,0.12,SCMS from RDC,N/A - From RDC,11515
11028,DN-866,Generic,Haiti,11-Aug-08,11-Aug-08,200mg,Capsule,Yes,997.46,From RDC,"Efavirenz 200mg, capsule, 90 Caps",5.38,210,3360.0,PMO - US,"Aurobindo Unit III, India",Efavirenz,16.0,N/A - From RDC,SO-2603,Pre-PQ Process,Pre-PQ Process,ARV,106-HT-T01,11-Aug-08,Air,Pediatric,90,0.18,SCMS from RDC,N/A - From RDC,26
12242,DN-1098,Generic,CÃte dIvoire,27-Feb-09,27-Feb-09,10mg/ml,Oral suspension,Yes,5463.97,From RDC,"Nevirapine 10mg/ml, oral suspension, Bottle, 240 ml",11.2,2976,5713.92,PMO - US,"Aurobindo Unit III, India",Nevirapine,1.92,N/A - From RDC,SO-21841,Pre-PQ Process,Pre-PQ Process,ARV,104-CI-T01,27-Feb-09,Air,Pediatric,240,0.01,SCMS from RDC,N/A - From RDC,209
12071,DN-207,Generic,Zambia,20-Jun-07,20-Jun-07,20mg/ml,Oral solution,Yes,759.41,From RDC,"Abacavir 20mg/ml, oral solution, Bottle, 240 ml",8.15,237,5095.5,PMO - US,"Aurobindo Unit III, India",Abacavir,21.5,N/A - From RDC,SO-313,Pre-PQ Process,Pre-PQ Process,ARV,110-ZM-T01,20-Jun-07,MIssing,Pediatric,240,0.09,SCMS from RDC,N/A - From RDC,85
12399,DN-310,Uni-Gold,Mozambique,21-Sep-07,21-Sep-07,MIssing,Test kit,Yes,3818.4,From RDC,"HIV 1/2, Uni-Gold HIV Kit, 20 Tests",128,2500,80000.0,PMO - US,"Trinity Biotech, Plc","HIV 1/2, Uni-Gold HIV Kit",32.0,N/A - From RDC,SO-944,Pre-PQ Process,Pre-PQ Process,HRDT,111-MZ-T01,21-Sep-07,Air,HIV test,20,1.6,SCMS from RDC,N/A - From RDC,841
12400,DN-319,Generic,Zambia,29-Aug-07,29-Aug-07,150mg,Tablet,No,See DN-319 (ID#:11765),From RDC,"Lamivudine 150mg, tablets, 60 Tabs",145.92,30000,91200.0,PMO - US,"Aurobindo Unit III, India",Lamivudine,3.04,N/A - From RDC,SO-908,Pre-PQ Process,Pre-PQ Process,ARV,110-ZM-T01,29-Aug-07,Air,Adult,60,0.05,SCMS from RDC,N/A - From RDC,See DN-319 (ID#:11765)
11855,DN-604,Generic,Zimbabwe,05-Mar-08,05-Mar-08,150/30mg,Tablet - FDC,No,See DN-604 (ID#:11527),From RDC,"Lamivudine/Stavudine 150/30mg, tablets, 30 Tabs",5.12,1600,3200.0,PMO - US,"Cipla, Goa, India",Lamivudine/Stavudine,2.0,N/A - From RDC,SO-711,Pre-PQ Process,Pre-PQ Process,ARV,100-ZW-T01,05-Mar-08,Air,Adult,30,0.07,SCMS from RDC,N/A - From RDC,See DN-604 (ID#:11527)
11572,DN-1008,Truvada,Nigeria,17-Nov-08,17-Nov-08,300/200mg,Tablet - FDC,No,See DN-1008 (ID#:11570),From RDC,"Emtricitabine/Tenofovir Disoproxil Fumarate 200/300mg [Truvada], tablets, 30 Tabs",0.31,6,157.5,PMO - US,"Aspen-OSD, Port Elizabeth, SA",Emtricitabine/Tenofovir Disoproxil Fumarate,26.25,N/A - From RDC,SO-2729,Pre-PQ Process,Pre-PQ Process,ARV,112-NG-T01,17-Nov-08,Air,Adult,30,0.88,SCMS from RDC,N/A - From RDC,See DN-1008 (ID#:11570)
12518,DN-763,Generic,Tanzania,09-Jul-08,09-Jul-08,150/300mg,Tablet - FDC,No,See DN-763 (ID#:10982),From RDC,"Lamivudine/Zidovudine 150/300mg, tablets, 60 Tabs",882.91,58086,551817.0,PMO - US,"Aurobindo Unit III, India",Lamivudine/Zidovudine,9.5,N/A - From RDC,SO-1696,Pre-PQ Process,Pre-PQ Process,ARV,109-TZ-T01,09-Jul-08,Air,Adult,60,0.16,SCMS from RDC,N/A - From RDC,See DN-763 (ID#:10982)
12478,DN-717,Generic,Nigeria,18-Apr-08,18-Apr-08,30mg,Capsule,No,See DN-717 (ID#:11858),From RDC,"Stavudine 30mg, capsules, 60 Caps",1.02,420,638.4,PMO - US,"Aurobindo Unit III, India",Stavudine,1.52,N/A - From RDC,SO-2351,Pre-PQ Process,Pre-PQ Process,ARV,112-NG-T01,18-Apr-08,Air,Adult,60,0.03,SCMS from RDC,N/A - From RDC,See DN-717 (ID#:11858)
12671,DN-262,Generic,CÃte dIvoire,03-Aug-07,03-Aug-07,150mg,Tablet,Yes,3348,From RDC,"Lamivudine 150mg, tablets, 60 Tabs",107.24,22047,67022.88,PMO - US,"Ranbaxy, Paonta Shahib, India",Lamivudine,3.04,N/A - From RDC,SO-815,Pre-PQ Process,Pre-PQ Process,ARV,104-CI-T01,03-Aug-07,MIssing,Adult,60,0.05,SCMS from RDC,N/A - From RDC,1057
6438,ASN-4332,Generic,South Africa,23-Apr-09,23-Apr-09,1mg/ml,Oral solution,No,See ASN-4332 (ID#:1115),Direct Drop,"Stavudine 1mg/ml, powder for oral solution, 200 ml",1.63,400,832.0,PMO - US,"Aurobindo Unit III, India",Stavudine,2.08,04-02-09,SCMS-47500,Pre-PQ Process,Pre-PQ Process,ARV,116-ZA-T01,15-May-09,Truck,Pediatric,200,0.01,S. BUYS WHOLESALER,DDP,See ASN-4332 (ID#:1115)
2647,ASN-16,Genie,CÃte dIvoire,06-Sep-06,06-Sep-06,MIssing,Test kit,Yes,1845.74,Direct Drop,"#108853** HIV, Genie II HIV-1/HIV-2 Kit, 40 Tests",MIssing,100,7535.0,PMO - US,Bio-Rad Laboratories,"HIV, Genie II HIV-1/HIV-2 Kit",75.35,Date Not Captured,SCMS-28,Pre-PQ Process,Pre-PQ Process,HRDT,104-CI-T01,06-Sep-06,Air,HIV test,40,1.88,BIO-RAD LABORATORIES (FRANCE),EXW,107
96,ASN-451,Stat-Pak,Nigeria,19-Jun-07,19-Jun-07,MIssing,Test kit,Yes,15893.71,Direct Drop,"HIV 1/2, Stat-Pak HIV, Kit, 20 Tests",MIssing,7500,202500.0,PMO - US,Chembio Diagnostics Sys. Inc.,"HIV 1/2, Stat-Pak HIV, Kit",27.0,5/17/07,SCMS-570,Pre-PQ Process,Pre-PQ Process,HRDT,102-NG-T01,19-Jun-07,Air,HIV test,20,1.35,"CHEMBIO DIAGNOSTIC SYSTEMS, INC.",EXW,2278
11590,DN-947,Generic,CÃte dIvoire,01-Dec-08,01-Dec-08,1mg/ml,Oral solution,Yes,6381.87,From RDC,"Stavudine 1mg/ml, powder for oral solution, 200 ml",8.92,3250,4550.0,PMO - US,"Aurobindo Unit III, India",Stavudine,1.4,N/A - From RDC,SO-11840,Pre-PQ Process,Pre-PQ Process,ARV,104-CI-T01,01-Dec-08,Air,Pediatric,200,0.01,SCMS from RDC,N/A - From RDC,315
9585,ASN-2532,Uni-Gold,Mozambique,17-Oct-08,17-Oct-08,MIssing,Test kit,Yes,32437.45,Direct Drop,"HIV 1/2, Uni-Gold HIV Kit, 20 Tests",271.36,5300,169600.0,PMO - US,"Trinity Biotech, Plc","HIV 1/2, Uni-Gold HIV Kit",32.0,02-06-08,SCMS-17260,Pre-PQ Process,Pre-PQ Process,HRDT,111-MZ-T01,17-Oct-08,Air,HIV test,20,1.6,"Trinity Biotech, Plc",EXW,1796
6884,ASN-1328,Capillus,Haiti,18-Feb-08,18-Feb-08,MIssing,Test kit,Yes,3238.79,Direct Drop,"HIV 1/2, Capillus HIV Kit, 100 Tests",1.78,8,1112.0,PMO - US,"Trinity Biotech, Plc","HIV 1/2, Capillus HIV Kit",139.0,02-04-08,SCMS-15590,Pre-PQ Process,Pre-PQ Process,HRDT,106-HT-T01,18-Feb-08,Air,HIV test,100,1.39,"Trinity Biotech, Plc",EXW,6
2808,ASN-1039,Generic,Ethiopia,24-Dec-07,24-Dec-07,30mg,Capsule,Yes,6755.81,Direct Drop,"Stavudine 30mg, capsules, 60 Caps",86.96,35065,54350.75,PMO - US,"Aurobindo Unit III, India",Stavudine,1.55,10-03-07,SCMS-11071,Pre-PQ Process,Pre-PQ Process,ARV,117-ET-T01,20-Nov-07,Air,Adult,60,0.03,Aurobindo Pharma Limited,EXW,2318
12794,DN-838,Bioline,Zimbabwe,26-Jul-08,26-Jul-08,MIssing,Test kit,No,See DN-838 (ID#:10718),From RDC,"HIV 1/2, Bioline 3.0 Kit, Lancets, Capillary pipets, Alcohol swabs included, 25 Tests",138.94,4342,86840.0,PMO - US,"Standard Diagnostics, Korea","HIV 1/2, Bioline 3.0 Kit, Lancets, Capillary pipets, Alcohol swabs included",20.0,N/A - From RDC,SO-1052,Pre-PQ Process,Pre-PQ Process,HRDT,113-ZW-T01,26-Jul-08,Truck,HIV test,25,0.8,SCMS from RDC,N/A - From RDC,See DN-838 (ID#:10718)
9039,ASN-3732,Aluvia,South Africa,21-Jan-09,21-Jan-09,200/50mg,Tablet,No,Freight Included in Commodity Cost,Direct Drop,"Lopinavir/Ritonavir 200/50mg [Aluvia], tablets, 120 Tabs",12.12,200,6182.0,PMO - US,ABBVIE Ludwigshafen Germany,Lopinavir/Ritonavir,30.91,Date Not Captured,SCMS-41190,Pre-PQ Process,Pre-PQ Process,ARV,116-ZA-T01,30-Mar-09,Air,Adult,120,0.26,S. BUYS WHOLESALER,DDP,Weight Captured Separately
3359,ASN-2502,Ziagen,South Africa,18-Aug-08,18-Aug-08,300mg,Tablet - blister,No,Freight Included in Commodity Cost,Direct Drop,"Abacavir 300mg [Ziagen], tablets, Blister 6 x 10 Tabs",2.14,40,1337.2,PMO - US,GSK Ware (UK),Abacavir,33.43,Date Not Captured,SCMS-28830,Pre-PQ Process,Pre-PQ Process,ARV,116-ZA-T01,25-Aug-08,Truck,Adult,60,0.56,S. BUYS WHOLESALER,DDP,Weight Captured Separately
11909,DN-870,Generic,Nigeria,18-Aug-08,18-Aug-08,30mg,Capsule,Yes,9185.15,From RDC,"Stavudine 30mg, capsules, 60 Caps",33.18,13380,20739.0,PMO - US,"Aurobindo Unit III, India",Stavudine,1.55,N/A - From RDC,SO-10770,Pre-PQ Process,Pre-PQ Process,ARV,126-NG-T01,18-Aug-08,Air,Adult,60,0.03,SCMS from RDC,N/A - From RDC,925
8038,ASN-781,Generic,Vietnam,15-Oct-07,15-Oct-07,10mg/ml,Oral solution,No,See ASN-781 (ID#:115),Direct Drop,"Lamivudine 10mg/ml, oral solution, Bottle, 240 ml",1.52,500,950.0,PMO - US,"Aurobindo Unit III, India",Lamivudine,1.9,07-04-07,SCMS-753,Pre-PQ Process,Pre-PQ Process,ARV,108-VN-T01,15-Oct-07,Air,Pediatric,240,0.01,Aurobindo Pharma Limited,EXW,See ASN-781 (ID#:115)
6440,ASN-4772,Zerit,South Africa,17-Jul-09,17-Jul-09,20mg,Capsule,Yes,Freight Included in Commodity Cost,Direct Drop,"Stavudine 20mg [Zerit], capsules, 60 Caps",0.19,24,94.8,PMO - US,"BMS Meymac, France",Stavudine,3.95,04-02-09,SCMS-42450,Pre-PQ Process,Pre-PQ Process,ARV,116-ZA-T01,15-May-09,Truck,Adult,60,0.07,S. BUYS WHOLESALER,DDP,Weight Captured Separately
11755,DN-304,Generic,Mozambique,21-Sep-07,21-Sep-07,150/300/200mg,Tablet - FDC,No,See DN-304 (ID#:10589),From RDC,"Lamivudine/Nevirapine/Zidovudine 150/200/300mg, tablets, 60 Tabs",275.46,9838,172165.0,PMO - US,"Aurobindo Unit III, India",Lamivudine/Nevirapine/Zidovudine,17.5,N/A - From RDC,SO-298,Pre-PQ Process,Pre-PQ Process,ARV,111-MZ-T01,21-Sep-07,Air,Adult,60,0.29,SCMS from RDC,N/A - From RDC,See DN-304 (ID#:10589)
12248,DN-1056,Truvada,Zambia,16-Feb-09,16-Feb-09,300/200mg,Tablet - FDC,Yes,14036.31,From RDC,"Emtricitabine/Tenofovir Disoproxil Fumarate 200/300mg [Truvada], tablets, 30 Tabs",5145,100000,2625000.0,PMO - US,"Aspen-OSD, Port Elizabeth, SA",Emtricitabine/Tenofovir Disoproxil Fumarate,26.25,N/A - From RDC,SO-2544,Pre-PQ Process,Pre-PQ Process,ARV,110-ZM-T01,16-Feb-09,Truck,Adult,30,0.88,SCMS from RDC,N/A - From RDC,9000
11584,DN-991,Uni-Gold,Kenya,31-Oct-08,31-Oct-08,MIssing,Test kit,Yes,157.5,From RDC,"HIV 1/2, Uni-Gold HIV Kit, 20 Tests",78.4,1250,40000.0,PMO - US,"Trinity Biotech, Plc","HIV 1/2, Uni-Gold HIV Kit",32.0,N/A - From RDC,SO-11470,Pre-PQ Process,Pre-PQ Process,HRDT,102-KE-T01,31-Oct-08,Truck,HIV test,20,1.6,SCMS from RDC,N/A - From RDC,394
11928,DN-1089,Generic,CÃte dIvoire,02-Mar-09,02-Mar-09,1mg/ml,Oral solution,Yes,1297.57,From RDC,"Stavudine 1mg/ml, powder for oral solution, 200 ml",3.29,1200,1680.0,PMO - US,"Aurobindo Unit III, India",Stavudine,1.4,N/A - From RDC,SO-16221,Pre-PQ Process,Pre-PQ Process,ARV,104-CI-T01,02-Mar-09,Air,Pediatric,200,0.01,SCMS from RDC,N/A - From RDC,115
11342,DN-1347,Truvada,Nigeria,04-Aug-09,04-Aug-09,300/200mg,Tablet - FDC,Yes,7445.8,From RDC,"Emtricitabine/Tenofovir Disoproxil Fumarate 200/300mg [Truvada], tablets, 30 Tabs",12.35,240,6300.0,PMO - US,"Aspen-OSD, Port Elizabeth, SA",Emtricitabine/Tenofovir Disoproxil Fumarate,26.25,N/A - From RDC,SO-27812,Pre-PQ Process,Date Not Captured,ARV,151-NG-T01,04-Aug-09,Air Charter,Adult,30,0.88,SCMS from RDC,N/A - From RDC,21
6896,ASN-1329,Viread,Ethiopia,04-Mar-08,04-Mar-08,300mg,Tablet,Yes,5137.76,Direct Drop,"Tenofovir Disoproxil Fumarate 300mg [Viread], tablets, 30 Tabs",403.1,14820,251940.0,PMO - US,"Aspen-OSD, Port Elizabeth, SA",Tenofovir Disoproxil Fumarate,17.0,01-03-08,SCMS-16220,Pre-PQ Process,Pre-PQ Process,ARV,117-ET-T01,04-Mar-08,Air,Adult,30,0.57,ASPEN PHARMACARE,EXW,1233
6402,ASN-3760,Epivir,South Africa,26-Nov-08,26-Nov-08,10mg/ml,Oral solution,No,See ASN-3760 (ID#:5049),Direct Drop,"Lamivudine 10mg/ml [Epivir], oral solution, Bottle, 240 ml",1.66,156,845.52,PMO - US,GSK Mississauga (Canada),Lamivudine,5.42,Date Not Captured,SCMS-41160,Pre-PQ Process,Pre-PQ Process,ARV,116-ZA-T01,01-Apr-09,Air,Pediatric,240,0.02,S. BUYS WHOLESALER,DDP,See ASN-3760 (ID#:5049)
11426,DN-260,Trizivir,CÃte dIvoire,03-Aug-07,03-Aug-07,300/150/300mg,Tablet - FDC,Yes,6889,From RDC,"Abacavir/Lamivudine/Zidovudine 300/150/300mg [Trizivir], tablets, 60 Tabs",44.8,400,28000.0,PMO - US,GSK Ware (UK),Abacavir/Lamivudine/Zidovudine,70.0,N/A - From RDC,SO-523,Pre-PQ Process,Pre-PQ Process,ARV,104-CI-T01,03-Aug-07,MIssing,Adult,60,1.17,SCMS from RDC,N/A - From RDC,2270
11039,DN-1199,Generic,Nigeria,08-May-09,08-May-09,150/300/200mg,Tablet - FDC,Yes,15128.37,From RDC,"Lamivudine/Nevirapine/Zidovudine 150/200/300mg, tablets, 60 Tabs",1552.71,69491,792197.4,PMO - US,"Aurobindo Unit III, India",Lamivudine/Nevirapine/Zidovudine,11.4,N/A - From RDC,SO-22524,Pre-PQ Process,Pre-PQ Process,ARV,151-NG-T01,08-May-09,Air Charter,Adult,60,0.19,SCMS from RDC,N/A - From RDC,7798
11732,DN-169,Generic,Tanzania,06-Jul-07,06-Jul-07,600mg,Tablet,Yes,6834,From RDC,"Efavirenz 600mg, tablets, 30 Tabs",MIssing,28665,466092.9,PMO - US,"Aurobindo Unit III, India",Efavirenz,16.26,N/A - From RDC,SO-632,Pre-PQ Process,Pre-PQ Process,ARV,109-TZ-T01,06-Jul-07,Air,Adult,30,0.54,SCMS from RDC,N/A - From RDC,2515
6914,ASN-1520,Kaletra,South Africa,04-Jan-08,04-Jan-08,80/20mg/ml,Oral solution,No,Freight Included in Commodity Cost,Direct Drop,"Lopinavir/Ritonavir 80/20mg/ml [Kaletra], oral solution, cool, Bottle 5 x 60 ml",2.22,30,1384.5,PMO - US,ABBVIE (Abbott) Logis. UK,Lopinavir/Ritonavir,46.15,01-04-08,SCMS-16600,Pre-PQ Process,Pre-PQ Process,ARV,116-ZA-T01,21-Jan-08,MIssing,Pediatric,300,0.15,"JSI R&T INSTITUTE, INC.",DDP,Weight Captured Separately
12896,DN-1305,Generic,Mozambique,20-Aug-09,20-Aug-09,200mg,Tablet,Yes,2342.92,From RDC,"Nevirapine 200mg, tablets, 60 Tabs",58.39,9310,29792.0,PMO - US,Hetero Unit III Hyderabad IN,Nevirapine,3.2,N/A - From RDC,SO-32110,Pre-PQ Process,Date Not Captured,ARV,111-MZ-T01,20-Aug-09,Air,Adult,60,0.05,SCMS from RDC,N/A - From RDC,376
7468,ASN-2933,Colloidal Gold,Ethiopia,01-Dec-08,01-Dec-08,MIssing,Test kit,Yes,23035.69,Direct Drop,"HIV 1/2, SKB Colloidal Gold, Diagnostic Kit, Antibody, 50 Tests",158.23,3510,80730.0,PMO - US,"KHB Test Kit Facility, Shanghai China","HIV 1/2, Colloidal Gold, Diagnostic Kit, Antibody",23.0,10/27/08,SCMS-32640,Pre-PQ Process,Pre-PQ Process,HRDT,117-ET-T01,03-Dec-08,Air,HIV test,1,23.0,"SHANGHAI KEHUA BIOENGINEERING CO.,LTD.  (KHB)",EXW,2535
11841,DN-579,Generic,Zambia,26-Nov-07,26-Nov-07,600mg,Tablet,Yes,17600.24,From RDC,"Efavirenz 600mg, tablets, 30 Tabs",877.05,44135,548156.7,PMO - US,"Aurobindo Unit III, India",Efavirenz,12.42,N/A - From RDC,SO-1675,Pre-PQ Process,Pre-PQ Process,ARV,110-ZM-T01,21-Jan-08,MIssing,Adult,30,0.41,SCMS from RDC,N/A - From RDC,4082
11840,DN-572,Determine,Rwanda,28-Jan-08,28-Jan-08,MIssing,Test kit,Yes,8143.19,From RDC,"HIV 1/2, Determine HIV Kit, without Lancets, 100 Tests",143.98,1250,89987.5,PMO - US,Inverness Japan,"HIV 1/2, Determine HIV Kit, without Lancets",71.99,N/A - From RDC,SO-1223,Pre-PQ Process,Pre-PQ Process,HRDT,107-RW-T01,28-Jan-08,Air,HIV test,100,0.72,SCMS from RDC,N/A - From RDC,362
11412,DN-282,Norvir,Mozambique,10-Oct-07,10-Oct-07,100mg,Capsule,No,See DN-282 (ID#:11144),From RDC,"Ritonavir 100mg [Norvir], capsules, cool, 4 x 84 Caps",8.59,140,5370.4,PMO - US,ABBVIE (Abbott) Logis. UK,Ritonavir,38.36,N/A - From RDC,SO-502,Pre-PQ Process,Pre-PQ Process,ARV,111-MZ-T01,10-Oct-07,Air,Adult,336,0.11,SCMS from RDC,N/A - From RDC,See DN-282 (ID#:11144)
5634,ASN-3434,Bioline,CÃte dIvoire,19-Mar-09,19-Mar-09,MIssing,Test kit,Yes,2358.13,Direct Drop,"HIV 1/2, Bioline 3.0 Kit, Lancets, Capillary pipets, Alcohol swabs included, 25 Tests",25.83,659,13180.0,PMO - US,"Standard Diagnostics, Korea","HIV 1/2, Bioline 3.0 Kit, Lancets, Capillary pipets, Alcohol swabs included",20.0,03-03-08,SCMS-18300,Pre-PQ Process,Pre-PQ Process,HRDT,104-CI-T01,19-Mar-09,Air,HIV test,25,0.8,"Standard Diagnostics, Inc.",EXW,206
9488,ASN-1085,Capillus,Rwanda,18-Jan-08,18-Jan-08,MIssing,Test kit,No,See ASN-1085 (ID#:9487),Direct Drop,"HIV 1/2, Capillus HIV Kit, 100 Tests",66.72,300,41700.0,PMO - US,"Trinity Biotech, Plc","HIV 1/2, Capillus HIV Kit",139.0,11/19/07,SCMS-14150,Pre-PQ Process,Pre-PQ Process,HRDT,107-RW-T01,18-Jan-08,Air,HIV test,100,1.39,"Trinity Biotech, Plc",EXW,See ASN-1085 (ID#:9487)
3490,ASN-3553,Zerit,South Africa,09-Oct-08,09-Oct-08,30mg,Capsule,No,Freight Included in Commodity Cost,Direct Drop,"Stavudine 30mg [Zerit], capsules, 60 Caps",11.31,1200,5772.0,PMO - US,"BMS Meymac, France",Stavudine,4.81,Date Not Captured,SCMS-33320,Pre-PQ Process,Pre-PQ Process,ARV,116-ZA-T01,17-May-09,Truck,Adult,60,0.08,S. BUYS WHOLESALER,DDP,Weight Captured Separately
6595,ASN-25,Determine,Zambia,28-Aug-06,28-Aug-06,MIssing,Test kit,Yes,1187.19,Direct Drop,"HIV 1/2, Determine Complete HIV Kit, 100 Tests",MIssing,500,40000.0,PMO - US,ABBVIE GmbH & Co.KG Wiesbaden,"HIV 1/2, Determine Complete HIV Kit",80.0,Date Not Captured,SCMS-38,Pre-PQ Process,Pre-PQ Process,HRDT,110-ZM-T01,28-Aug-06,Air,HIV test,100,0.8,Abbott GmbH & Co. KG,FCA,171
12723,DN-380,Generic,Zambia,17-Oct-07,17-Oct-07,MIssing,Test kit - Ancillary,No,See DN-380 (ID#:10622),From RDC,"HIV, Lancet, Safety, for HIV Test kits, 100 Pcs",0.01,872,8.72,PMO - US,Inverness Japan,"HIV, Lancet, Safety, for HIV Test kits, 100 Pcs",0.01,N/A - From RDC,SO-535,Pre-PQ Process,Pre-PQ Process,HRDT,110-ZM-T01,17-Oct-07,MIssing,HIV test - Ancillary,100,0.0,SCMS from RDC,N/A - From RDC,See DN-380 (ID#:10622)
10776,DN-1280,Generic,Haiti,18-Jun-09,18-Jun-09,10mg/ml,Oral suspension,Yes,7789.88,From RDC,"Nevirapine 10mg/ml, oral suspension, Bottle, 240 ml",8.31,2208,4239.36,PMO - US,"Aurobindo Unit III, India",Nevirapine,1.92,N/A - From RDC,SO-24850,Pre-PQ Process,Pre-PQ Process,ARV,106-HT-T01,18-Jun-09,Air,Pediatric,240,0.01,SCMS from RDC,N/A - From RDC,827
11920,DN-962,Generic,Rwanda,05-Nov-08,05-Nov-08,200mg,Tablet,Yes,3754.14,From RDC,"Nevirapine 200mg, tablets, 60 Tabs",29.5,4703,15049.6,PMO - US,"Aurobindo Unit III, India",Nevirapine,3.2,N/A - From RDC,SO-17220,Pre-PQ Process,Pre-PQ Process,ARV,107-RW-T01,05-Nov-08,Truck,Adult,60,0.05,SCMS from RDC,N/A - From RDC,455
5645,ASN-1608,Determine,Botswana,04-Jun-08,04-Jun-08,MIssing,Test kit,Yes,1028.18,Direct Drop,"HIV 1/2, Determine HIV Kit, without Lancets, 100 Tests",23.04,200,14398.0,PMO - US,Inverness Japan,"HIV 1/2, Determine HIV Kit, without Lancets",71.99,03-11-08,SCMS-18730,Pre-PQ Process,Pre-PQ Process,HRDT,102-BW-T01,23-Jun-08,Air,HIV test,100,0.72,"Orgenics, Ltd",EXW,46
5195,ASN-4836,Aluvia,South Africa,28-Jul-09,28-Jul-09,200/50mg,Tablet,No,Freight Included in Commodity Cost,Direct Drop,"Lopinavir/Ritonavir 200/50mg [Aluvia], tablets, 120 Tabs",16.46,200,8396.0,PMO - US,ABBVIE Ludwigshafen Germany,Lopinavir/Ritonavir,41.98,06-05-09,SCMS-47051,Pre-PQ Process,Pre-PQ Process,ARV,116-ZA-T01,12-Oct-09,Truck,Adult,120,0.35,S. BUYS WHOLESALER,DDP,Weight Captured Separately
10612,DN-330,Generic,CÃte dIvoire,04-Sep-07,04-Sep-07,600mg,Tablet,Yes,6667,From RDC,"Efavirenz 600mg, tablets, 30 Tabs",631.28,24265,394548.9,PMO - US,"Strides, Bangalore, India.",Efavirenz,16.26,N/A - From RDC,SO-843,Pre-PQ Process,Pre-PQ Process,ARV,104-CI-T01,04-Sep-07,MIssing,Adult,30,0.54,SCMS from RDC,N/A - From RDC,2518
5928,ASN-2694,Stat-Pak,Nigeria,07-Nov-08,07-Nov-08,MIssing,Test kit,Yes,22229.32,Direct Drop,"HIV 1/2, Stat-Pak HIV, Kit, 20 Tests",449.03,8485,229095.0,PMO - US,Chembio Diagnostics Sys. Inc.,"HIV 1/2, Stat-Pak HIV, Kit",27.0,7/18/08,SCMS-27050,Pre-PQ Process,Pre-PQ Process,HRDT,133-NG-T01,07-Nov-08,Air,HIV test,20,1.35,"CHEMBIO DIAGNOSTIC SYSTEMS, INC.",EXW,2441
6399,ASN-3623,Zerit,South Africa,03-Dec-08,03-Dec-08,30mg,Capsule,No,Freight Included in Commodity Cost,Direct Drop,"Stavudine 30mg [Zerit], capsules, 60 Caps",8.4,1140,4286.4,PMO - US,"BMS Meymac, France",Stavudine,3.76,Date Not Captured,SCMS-41040,Pre-PQ Process,Pre-PQ Process,ARV,116-ZA-T01,07-Apr-09,Air,Adult,60,0.06,S. BUYS WHOLESALER,DDP,Weight Captured Separately
11301,DN-1103,Uni-Gold,Kenya,11-Feb-09,11-Feb-09,MIssing,Test kit,Yes,188,From RDC,"HIV 1/2, Uni-Gold HIV Kit, 20 Tests",47.04,750,24000.0,PMO - US,"Trinity Biotech, Plc","HIV 1/2, Uni-Gold HIV Kit",32.0,N/A - From RDC,SO-18000,Pre-PQ Process,Pre-PQ Process,HRDT,102-KE-T01,11-Feb-09,Truck,HIV test,20,1.6,SCMS from RDC,N/A - From RDC,241
12061,DN-148,Viread,Mozambique,13-Jun-07,13-Jun-07,300mg,Tablet,No,See DN-148 (ID#:10564),From RDC,"Tenofovir Disoproxil Fumarate 300mg [Viread], tablets, 30 Tabs",MIssing,2684,45628.0,PMO - US,Gilead(Nycomed) Oranienburg DE,Tenofovir Disoproxil Fumarate,17.0,N/A - From RDC,SO-576,Pre-PQ Process,Pre-PQ Process,ARV,111-MZ-T01,13-Jun-07,Air,Adult,30,0.57,SCMS from RDC,N/A - From RDC,See DN-148 (ID#:10564)
11086,DN-16,Generic,CÃte dIvoire,22-Feb-07,22-Feb-07,600mg,Tablet,No,See DN-16 (ID#:10540),From RDC,"Efavirenz 600mg, tablets, 30 Tabs",MIssing,4350,70687.5,PMO - US,"Aurobindo Unit III, India",Efavirenz,16.25,N/A - From RDC,SO-283,Pre-PQ Process,Pre-PQ Process,ARV,100-CI-T01,22-Feb-07,MIssing,Adult,30,0.54,SCMS from RDC,N/A - From RDC,See DN-16 (ID#:10540)
11135,DN-208,Generic,Mozambique,12-Jul-07,12-Jul-07,20mg/ml,Oral solution,Yes,411.07,From RDC,"Abacavir 20mg/ml, oral solution, Bottle, 240 ml",13.37,397,8356.85,PMO - US,"Aurobindo Unit III, India",Abacavir,21.05,N/A - From RDC,SO-580,Pre-PQ Process,Pre-PQ Process,ARV,111-MZ-T01,12-Jul-07,Air,Pediatric,240,0.09,SCMS from RDC,N/A - From RDC,141
1213,ASN-4488,Videx,Vietnam,28-Jul-09,28-Jul-09,25mg,Chewable/dispersible tablet,Yes,14.36,Direct Drop,"Didanosine 25mg [Videx], chewable tablets, 60 Tabs",5.49,400,2800.0,PMO - US,"BMS Meymac, France",Didanosine,7.0,5/27/09,SCMS-46550,Pre-PQ Process,Pre-PQ Process,ARV,108-VN-T01,28-Jul-09,Air,Pediatric,60,0.12,BRISTOL-MYERS SQUIBB,CIP,148
937,ASN-3509,Uni-Gold,Mozambique,23-Mar-09,23-Mar-09,MIssing,Test kit,Yes,23914.8,Direct Drop,"HIV 1/2, Uni-Gold HIV Kit, 20 Tests",357.5,5700,182400.0,PMO - US,"Trinity Biotech, Plc","HIV 1/2, Uni-Gold HIV Kit",32.0,01-05-09,SCMS-36660,Pre-PQ Process,Pre-PQ Process,HRDT,111-MZ-T01,23-Mar-09,Air,HIV test,20,1.6,"Trinity Biotech, Plc",EXW,1906
13978,ASN-19787,Generic,Vietnam,01-Jul-13,01-Jul-13,150/300mg,Tablet - FDC,Yes,8163.83,Direct Drop,"Lamivudine/Zidovudine 150/300mg, tablets, 60 Tabs",77.07,9095,62300.75,PMO - US,Hetero Unit III Hyderabad IN,Lamivudine/Zidovudine,6.85,02-06-13,SCMS-176300,FPQ-11418,1/29/13,ARV,108-VN-T30,01-Jul-13,Air,Adult,60,0.11,HETERO LABS LIMITED,EXW,1736
5147,ASN-4081,Uni-Gold,Namibia,27-May-09,27-May-09,MIssing,Test kit,Yes,17643.81,Direct Drop,"HIV 1/2, Uni-Gold HIV Kit, 20 Tests",423.99,6760,216320.0,PMO - US,"Trinity Biotech, Plc","HIV 1/2, Uni-Gold HIV Kit",32.0,4/29/09,SCMS-44970,Pre-PQ Process,Pre-PQ Process,HRDT,119-NA-T01,27-May-09,Air,HIV test,20,1.6,"Trinity Biotech, Plc",EXW,2261
15,ASN-50,Generic,Vietnam,01-Sep-06,01-Sep-06,150mg,Tablet,Yes,16007.06,Direct Drop,"Lamivudine 150mg, tablets, 60 Tabs",MIssing,31920,127360.8,PMO - US,"Ranbaxy, Paonta Shahib, India",Lamivudine,3.99,Date Not Captured,SCMS-78,Pre-PQ Process,Pre-PQ Process,ARV,108-VN-T01,01-Sep-06,Air,Adult,60,0.07,SUN PHARMACEUTICAL INDUSTRIES LTD (RANBAXY LABORATORIES LIMITED),EXW,1855
10656,DN-481,Determine,Zambia,15-Jan-08,15-Jan-08,MIssing,Test kit,Yes,2292.6,From RDC,"HIV 1/2, Determine HIV Kit, without Lancets, 100 Tests",241.89,2100,151179.0,PMO - US,Inverness Japan,"HIV 1/2, Determine HIV Kit, without Lancets",71.99,N/A - From RDC,SO-783,Pre-PQ Process,Pre-PQ Process,HRDT,110-ZM-T01,15-Jan-08,MIssing,HIV test,100,0.72,SCMS from RDC,N/A - From RDC,498
12748,DN-446,Trizivir,CÃte dIvoire,30-Nov-07,30-Nov-07,300/150/300mg,Tablet - FDC,No,See DN-446 (ID#:11204),From RDC,"Abacavir/Lamivudine/Zidovudine 300/150/300mg [Trizivir], tablets, 60 Tabs",54.66,488,34160.0,PMO - US,GSK Ware (UK),Abacavir/Lamivudine/Zidovudine,70.0,N/A - From RDC,SO-604,Pre-PQ Process,Pre-PQ Process,ARV,104-CI-T01,30-Nov-07,Air,Adult,60,1.17,SCMS from RDC,N/A - From RDC,See DN-446 (ID#:11204)
7184,ASN-2632,Bioline,Zimbabwe,17-Nov-08,17-Nov-08,MIssing,Test kit,Yes,18087.86,Direct Drop,"HIV 1/2, Bioline 3.0 Kit, Lancets, Capillary pipets, Alcohol swabs included, 25 Tests",308.27,7864,157280.0,PMO - US,"Standard Diagnostics, Korea","HIV 1/2, Bioline 3.0 Kit, Lancets, Capillary pipets, Alcohol swabs included",20.0,06-12-08,SCMS-25310,Pre-PQ Process,Pre-PQ Process,HRDT,113-ZW-T01,17-Nov-08,Air,HIV test,25,0.8,"Standard Diagnostics, Inc.",EXW,2450
10763,DN-1209,Generic,Nigeria,08-May-09,08-May-09,150/300/200mg,Tablet - FDC,Yes,15128.37,From RDC,"Lamivudine/Nevirapine/Zidovudine 150/200/300mg, tablets, 60 Tabs",679.59,30415,346731.0,PMO - US,"Aurobindo Unit III, India",Lamivudine/Nevirapine/Zidovudine,11.4,N/A - From RDC,SO-22527,Pre-PQ Process,Pre-PQ Process,ARV,151-NG-T01,08-May-09,Air Charter,Adult,60,0.19,SCMS from RDC,N/A - From RDC,3415
12336,DN-70,Uni-Gold,Rwanda,10-Apr-07,10-Apr-07,MIssing,Test kit,No,See DN-70 (ID#:11095),From RDC,"HIV 1/2, Uni-Gold HIV Kit, 20 Tests",MIssing,500,16000.0,PMO - US,"Trinity Biotech, Plc","HIV 1/2, Uni-Gold HIV Kit",32.0,N/A - From RDC,SO-239,Pre-PQ Process,Pre-PQ Process,HRDT,107-RW-T01,10-Apr-07,Air,HIV test,20,1.6,SCMS from RDC,N/A - From RDC,See DN-70 (ID#:11095)
12245,DN-1039,Generic,Nigeria,19-Jan-09,19-Jan-09,30mg,Capsule,Yes,7363.74,From RDC,"Stavudine 30mg, capsules, 60 Caps",12.53,4124,6392.2,PMO - US,"Aurobindo Unit III, India",Stavudine,1.55,N/A - From RDC,SO-19070,Pre-PQ Process,Pre-PQ Process,ARV,123-NG-T01,16-Feb-09,Air,Adult,60,0.03,SCMS from RDC,N/A - From RDC,273
9916,ASN-2367,Coartem,Nigeria,23-Oct-08,23-Oct-08,20/120mg,Tablet - FDC + blister,Yes,1528.06,Direct Drop,"Artemether/Lumefantrine 20/120mg [Coartem], scored tablets, Blister 30 x 18 Tabs",1.4,25,875.0,PMO - US,"Novartis Pharma AG, Switzerland",Artemether/Lumefantrine,35.0,8/15/08,SCMS-28390,Pre-PQ Process,Pre-PQ Process,ACT,123-NG-T01,23-Oct-08,Air,ACT,540,0.06,IDA FOUNDATION,EXW,86
12670,DN-242,Generic,CÃte dIvoire,21-Aug-07,21-Aug-07,300mg,Tablet,No,See DN-242 (ID#:12077),From RDC,"Abacavir 300mg, tablets, 60 Tabs",183.3,3200,114560.0,PMO - US,"Aurobindo Unit III, India",Abacavir,35.8,N/A - From RDC,SO-774,Pre-PQ Process,Pre-PQ Process,ARV,104-CI-T01,21-Aug-07,Air,Adult,60,0.6,SCMS from RDC,N/A - From RDC,See DN-242 (ID#:12077)
12067,DN-191,Generic,Nigeria,26-Jun-07,26-Jun-07,150/200/40mg,Tablet - FDC,Yes,1339.8,From RDC,"Lamivudine/Nevirapine/Stavudine 150/200/40mg, tablets, 60 Tabs",11.12,903,6953.1,PMO - US,"Cipla, Goa, India",Lamivudine/Nevirapine/Stavudine,7.7,N/A - From RDC,SO-636,Pre-PQ Process,Pre-PQ Process,ARV,112-NG-T01,26-Jun-07,MIssing,Adult,60,0.13,SCMS from RDC,N/A - From RDC,57
11520,DN-517,Viread,Ethiopia,14-Dec-07,14-Dec-07,300mg,Tablet,Yes,755.5,From RDC,"Tenofovir Disoproxil Fumarate 300mg [Viread], tablets, 30 Tabs",14.55,535,9095.0,PMO - US,Gilead(Nycomed) Oranienburg DE,Tenofovir Disoproxil Fumarate,17.0,N/A - From RDC,SO-1512,Pre-PQ Process,Pre-PQ Process,ARV,117-ET-T01,14-Dec-07,Air,Adult,30,0.57,SCMS from RDC,N/A - From RDC,33
10343,ASN-3575,Generic,South Africa,01-Dec-08,01-Dec-08,150mg,Tablet,No,Freight Included in Commodity Cost,Direct Drop,"Lamivudine 150mg, tablets, 60 Tabs",63.74,6000,32520.0,PMO - US,"Aurobindo Unit III, India",Lamivudine,5.42,Date Not Captured,SCMS-40790,Pre-PQ Process,Pre-PQ Process,ARV,116-ZA-T01,24-Mar-09,Air,Adult,60,0.09,S. BUYS WHOLESALER,DDP,Weight Captured Separately
1063,ASN-3634,Generic,South Africa,02-Dec-08,02-Dec-08,600mg,Tablet,Yes,Freight Included in Commodity Cost,Direct Drop,"Efavirenz 600mg, tablets, 30 Tabs",93.14,3025,47522.75,PMO - US,"Aurobindo Unit III, India",Efavirenz,15.71,Date Not Captured,SCMS-40810,Pre-PQ Process,Pre-PQ Process,ARV,116-ZA-T01,31-Mar-09,Air,Adult,30,0.52,S. BUYS WHOLESALER,DDP,Weight Captured Separately
270,ASN-1171,Generic,Vietnam,21-Jan-08,21-Jan-08,300mg,Tablet,Yes,2149.05,Direct Drop,"Zidovudine 300mg, tablets, 60 Tabs",5.36,400,3352.0,PMO - US,"Ranbaxy, Paonta Shahib, India",Zidovudine,8.38,11/21/07,SCMS-14200,Pre-PQ Process,Pre-PQ Process,ARV,108-VN-T01,21-Jan-08,Air,Adult,60,0.14,SUN PHARMACEUTICAL INDUSTRIES LTD (RANBAXY LABORATORIES LIMITED),EXW,23
11243,DN-833,Generic,Nigeria,16-Jul-08,16-Jul-08,150mg,Tablet,Yes,1280.91,From RDC,"Lamivudine 150mg, tablets, 60 Tabs",9.74,2100,6090.0,PMO - US,"Aurobindo Unit III, India",Lamivudine,2.9,N/A - From RDC,SO-11220,Pre-PQ Process,Pre-PQ Process,ARV,112-NG-T01,16-Jul-08,Air,Adult,60,0.05,SCMS from RDC,N/A - From RDC,153
11722,DN-79,Generic,CÃte dIvoire,30-Apr-07,30-Apr-07,150/200/30mg,Tablet - FDC,Yes,1458,From RDC,"Lamivudine/Nevirapine/Stavudine 150/200/30mg, tablets, 60 Tabs",MIssing,1000,7500.0,PMO - US,"Cipla, Goa, India",Lamivudine/Nevirapine/Stavudine,7.5,N/A - From RDC,SO-440,Pre-PQ Process,Pre-PQ Process,ARV,100-CI-T01,30-Apr-07,MIssing,Adult,60,0.12,SCMS from RDC,N/A - From RDC,104
12355,DN-177,Generic,Zambia,15-Jun-07,15-Jun-07,20mg/ml,Oral solution,Yes,650.12,From RDC,"Abacavir 20mg/ml, oral solution, Bottle, 240 ml",MIssing,192,4128.0,PMO - US,"Aurobindo Unit III, India",Abacavir,21.5,N/A - From RDC,SO-637,Pre-PQ Process,Pre-PQ Process,ARV,110-ZM-T01,15-Jun-07,Air,Pediatric,240,0.09,SCMS from RDC,N/A - From RDC,70
12079,DN-264,Uni-Gold,Rwanda,06-Aug-07,06-Aug-07,MIssing,Test kit,Yes,1604.96,From RDC,"HIV 1/2, Uni-Gold HIV Kit, 20 Tests",4.71,92,2944.0,PMO - US,"Trinity Biotech, Plc","HIV 1/2, Uni-Gold HIV Kit",32.0,N/A - From RDC,SO-825,Pre-PQ Process,Pre-PQ Process,HRDT,107-RW-T01,06-Aug-07,Air,HIV test,20,1.6,SCMS from RDC,N/A - From RDC,28
10784,DN-1356,Generic,CÃte dIvoire,11-Aug-09,11-Aug-09,300mg,Tablet,Yes,1854.88,From RDC,"Abacavir 300mg, tablets, 60 Tabs",345.68,6930,176368.5,PMO - US,Mylan (formerly Matrix) Nashik,Abacavir,25.45,N/A - From RDC,SO-27542,Pre-PQ Process,Date Not Captured,ARV,104-CI-T01,11-Aug-09,Air,Adult,60,0.42,SCMS from RDC,N/A - From RDC,687
12547,DN-1125,Truvada,Uganda,08-Apr-09,08-Apr-09,300/200mg,Tablet - FDC,No,See DN-1125 (ID#:11298),From RDC,"Emtricitabine/Tenofovir Disoproxil Fumarate 200/300mg [Truvada], tablets, 30 Tabs",16.88,328,8610.0,PMO - US,"Aspen-OSD, Port Elizabeth, SA",Emtricitabine/Tenofovir Disoproxil Fumarate,26.25,N/A - From RDC,SO-17754,Pre-PQ Process,Pre-PQ Process,ARV,114-UG-T01,08-Apr-09,Air,Adult,30,0.88,SCMS from RDC,N/A - From RDC,See DN-1125 (ID#:11298)
10644,DN-486,Generic,Zambia,06-Dec-07,06-Dec-07,50mg,Capsule,Yes,1370.28,From RDC,"Efavirenz 50mg, capsule, 30 Caps",16.24,3690,10147.5,PMO - US,"Aurobindo Unit III, India",Efavirenz,2.75,N/A - From RDC,SO-1029,Pre-PQ Process,Pre-PQ Process,ARV,110-ZM-T01,06-Dec-07,MIssing,Pediatric,30,0.09,SCMS from RDC,N/A - From RDC,226
12565,DN-1178,Generic,Zambia,27-Apr-09,27-Apr-09,600mg,Tablet,Yes,13853.29,From RDC,"Efavirenz 600mg, tablets, 30 Tabs",1293.6,60000,660000.0,PMO - US,"Aurobindo Unit III, India",Efavirenz,11.0,N/A - From RDC,SO-17610,Pre-PQ Process,Pre-PQ Process,ARV,110-ZM-T01,27-Apr-09,Truck,Adult,30,0.37,SCMS from RDC,N/A - From RDC,5144
11320,DN-1233,Generic,Mozambique,16-Jun-09,16-Jun-09,150/300/200mg,Tablet - FDC,Yes,Invoiced Separately,From RDC,"Lamivudine/Nevirapine/Zidovudine 150/200/300mg, tablets, 60 Tabs",162.91,7044,83119.2,PMO - US,Mylan (formerly Matrix) Nashik,Lamivudine/Nevirapine/Zidovudine,11.8,N/A - From RDC,SO-30140,Pre-PQ Process,Pre-PQ Process,ARV,111-MZ-T01,16-Jun-09,Air,Adult,60,0.2,SCMS from RDC,N/A - From RDC,Weight Captured Separately
12752,DN-475,Generic,Nigeria,03-Dec-07,03-Dec-07,150/200/30mg,Tablet - FDC,No,See DN-475 (ID#:10642),From RDC,"Lamivudine/Nevirapine/Stavudine 150/200/30mg, tablets, 60 Tabs",18.5,1542,11565.0,PMO - US,"Cipla, Goa, India",Lamivudine/Nevirapine/Stavudine,7.5,N/A - From RDC,SO-567,Pre-PQ Process,Pre-PQ Process,ARV,112-NG-T01,03-Dec-07,Air,Adult,60,0.12,SCMS from RDC,N/A - From RDC,See DN-475 (ID#:10642)
11332,DN-1289,Generic,Zimbabwe,22-Jun-09,22-Jun-09,150/200/30mg,Tablet - FDC,Yes,14958.2,From RDC,"Lamivudine/Nevirapine/Stavudine 150/200/30mg, tablets, 60 Tabs",1060.6,76000,541120.0,PMO - US,"Cipla, Goa, India",Lamivudine/Nevirapine/Stavudine,7.12,N/A - From RDC,SO-21010,Pre-PQ Process,Pre-PQ Process,ARV,113-ZW-T01,22-Jun-09,Truck,Adult,60,0.12,SCMS from RDC,N/A - From RDC,8955
6451,ASN-4357,Uni-Gold,Zambia,10-Jul-09,10-Jul-09,MIssing,Test kit,Yes,21686.21,Direct Drop,"HIV 1/2, Uni-Gold HIV Kit, 20 Tests",439.04,7000,224000.0,PMO - US,"Trinity Biotech, Plc","HIV 1/2, Uni-Gold HIV Kit",32.0,04-02-09,SCMS-42620,Pre-PQ Process,Pre-PQ Process,HRDT,110-ZM-T01,10-Jul-09,Air,HIV test,20,1.6,"Trinity Biotech, Plc",EXW,2379
9081,ASN-4332,Generic,South Africa,23-Apr-09,23-Apr-09,10mg/ml,Oral solution,No,See ASN-4332 (ID#:1115),Direct Drop,"Zidovudine 10mg/ml, oral solution, Bottle, 240 ml",2.37,200,1208.0,PMO - US,"Aurobindo Unit III, India",Zidovudine,6.04,04-02-09,SCMS-47500,Pre-PQ Process,Pre-PQ Process,ARV,116-ZA-T01,15-May-09,Truck,Pediatric,240,0.03,S. BUYS WHOLESALER,DDP,See ASN-4332 (ID#:1115)
10736,DN-1081,Generic,Nigeria,16-Feb-09,16-Feb-09,150/300mg,Tablet - FDC,Yes,3680.33,From RDC,"Lamivudine/Zidovudine 150/300mg, tablets, 60 Tabs",20.45,1116,10434.6,PMO - US,"Aurobindo Unit III, India",Lamivudine/Zidovudine,9.35,N/A - From RDC,SO-22530,Pre-PQ Process,Pre-PQ Process,ARV,112-NG-T01,16-Feb-09,Air,Adult,60,0.16,SCMS from RDC,N/A - From RDC,102
10616,DN-328,Aluvia,Zambia,31-Aug-07,31-Aug-07,200/50mg,Tablet,Yes,4068.44,From RDC,"Lopinavir/Ritonavir 200/50mg [Aluvia], tablets, 120 Tabs",247.85,3769,154905.9,PMO - US,ABBVIE Ludwigshafen Germany,Lopinavir/Ritonavir,41.1,N/A - From RDC,SO-804,Pre-PQ Process,Pre-PQ Process,ARV,110-ZM-T01,31-Aug-07,MIssing,Adult,120,0.34,SCMS from RDC,N/A - From RDC,821
1798,ASN-2244,Generic,Vietnam,19-Aug-08,19-Aug-08,30mg,Capsule,Yes,7575.6,Direct Drop,"Stavudine 30mg, capsules, 60 Caps",25.01,10780,15631.0,PMO - US,"Strides, Bangalore, India.",Stavudine,1.45,5/13/08,SCMS-23470,Pre-PQ Process,Pre-PQ Process,ARV,108-VN-T01,19-Aug-08,Air,Adult,60,0.02,STRIDES ARCOLAB LIMITED,EXW,502
11856,DN-604,Generic,Zimbabwe,05-Mar-08,05-Mar-08,150/200/30mg,Tablet - FDC,No,See DN-604 (ID#:11527),From RDC,"Lamivudine/Nevirapine/Stavudine 150/200/30mg, tablets, 60 Tabs",440.92,37240,275576.0,PMO - US,"Cipla, Goa, India",Lamivudine/Nevirapine/Stavudine,7.4,N/A - From RDC,SO-711,Pre-PQ Process,Pre-PQ Process,ARV,100-ZW-T01,05-Mar-08,Air,Adult,60,0.12,SCMS from RDC,N/A - From RDC,See DN-604 (ID#:11527)
3245,ASN-2399,Uni-Gold,Zambia,26-Sep-08,26-Sep-08,MIssing,Test kit,Yes,34902.96,Direct Drop,"HIV 1/2, Uni-Gold HIV Kit, 20 Tests",460.8,9000,288000.0,PMO - US,"Trinity Biotech, Plc","HIV 1/2, Uni-Gold HIV Kit",32.0,6/20/08,SCMS-25790,Pre-PQ Process,Pre-PQ Process,HRDT,110-ZM-T01,26-Sep-08,Air,HIV test,20,1.6,"Trinity Biotech, Plc",EXW,3000
1246,ASN-7,OraQuick,CÃte dIvoire,14-Jul-06,14-Jul-06,MIssing,Test kit,Yes,1039.5,Direct Drop,"HIV 1/2, OraQuick Advance HIV Rapid Antibody Kit, 100 Tests",MIssing,6,2400.0,PMO - US,"Pacific Biotech, Thailand","HIV 1/2, OraQuick Advance HIV Rapid Antibody Kit",400.0,Date Not Captured,SCMS-5,Pre-PQ Process,Pre-PQ Process,HRDT,104-CI-T01,14-Jul-06,Air,HIV test,100,4.0,Orasure Technologies Inc.,EXW,15
9669,ASN-2017,Generic,Vietnam,14-Jul-08,14-Jul-08,100mg,Chewable/dispersible tablet,No,See ASN-2017 (ID#:5701),Direct Drop,"Didanosine 100mg, chewable/dispersible tablets, 60 Tabs",4.46,360,2790.0,PMO - US,"Aurobindo Unit III, India",Didanosine,7.75,3/31/08,SCMS-20200,Pre-PQ Process,Pre-PQ Process,ARV,108-VN-T01,14-Jul-08,Air,Pediatric,60,0.13,Aurobindo Pharma Limited,EXW,See ASN-2017 (ID#:5701)
11946,DN-960,Truvada,Nigeria,30-Oct-08,30-Oct-08,300/200mg,Tablet - FDC,No,See DN-960 (ID#:11945),From RDC,"Emtricitabine/Tenofovir Disoproxil Fumarate 200/300mg [Truvada], tablets, 30 Tabs",1682.21,32696,858270.0,PMO - US,"Aspen-OSD, Port Elizabeth, SA",Emtricitabine/Tenofovir Disoproxil Fumarate,26.25,N/A - From RDC,SO-2554,Pre-PQ Process,Pre-PQ Process,ARV,123-NG-T01,30-Oct-08,Air,Adult,30,0.88,SCMS from RDC,N/A - From RDC,See DN-960 (ID#:11945)
12593,DN-1286,Generic,Zambia,02-Jul-09,02-Jul-09,200mg,Capsule,Yes,2951.12,From RDC,"Efavirenz 200mg, capsule, 90 Caps",119.64,4000,61040.0,PMO - US,"Aurobindo Unit III, India",Efavirenz,15.26,N/A - From RDC,SO-31900,Pre-PQ Process,Date Not Captured,ARV,110-ZM-T01,02-Jul-09,Air,Pediatric,90,0.17,SCMS from RDC,N/A - From RDC,481
10994,DN-948,Generic,CÃte dIvoire,03-Dec-08,03-Dec-08,200mg,Tablet,Yes,14336.95,From RDC,"Nevirapine 200mg, tablets, 60 Tabs",141.44,21225,72165.0,PMO - US,"Aurobindo Unit III, India",Nevirapine,3.4,N/A - From RDC,SO-11830,Pre-PQ Process,Pre-PQ Process,ARV,104-CI-T01,03-Dec-08,Air,Adult,60,0.06,SCMS from RDC,N/A - From RDC,2521
11023,DN-1129,Truvada,Nigeria,24-Mar-09,24-Mar-09,300/200mg,Tablet - FDC,Yes,6443.61,From RDC,"Emtricitabine/Tenofovir Disoproxil Fumarate 200/300mg [Truvada], tablets, 30 Tabs",147.71,2871,75363.75,PMO - US,"Aspen-OSD, Port Elizabeth, SA",Emtricitabine/Tenofovir Disoproxil Fumarate,26.25,N/A - From RDC,SO-21780,Pre-PQ Process,Pre-PQ Process,ARV,151-NG-T01,24-Mar-09,Air,Adult,30,0.88,SCMS from RDC,N/A - From RDC,249
12909,DN-1408,Generic,Uganda,15-Sep-09,15-Sep-09,150/300/200mg,Tablet - FDC,Yes,7338.54,From RDC,"Lamivudine/Nevirapine/Zidovudine 150/200/300mg, tablets, 60 Tabs",195.41,8784,99698.4,PMO - US,Mylan (formerly Matrix) Nashik,Lamivudine/Nevirapine/Zidovudine,11.35,N/A - From RDC,SO-31440,Pre-PQ Process,Date Not Captured,ARV,114-UG-T01,15-Sep-09,Ocean,Adult,60,0.19,SCMS from RDC,N/A - From RDC,1118
12416,DN-379,Generic,CÃte dIvoire,15-Oct-07,15-Oct-07,300mg,Tablet,No,See DN-379 (ID#:10890),From RDC,"Zidovudine 300mg, tablets, 60 Tabs",75.55,5794,47221.1,PMO - US,"Ranbaxy, Paonta Shahib, India",Zidovudine,8.15,N/A - From RDC,SO-964,Pre-PQ Process,Pre-PQ Process,ARV,104-CI-T01,15-Oct-07,Air,Adult,60,0.14,SCMS from RDC,N/A - From RDC,See DN-379 (ID#:10890)
11950,DN-1020,Generic,CÃte dIvoire,05-Jan-09,05-Jan-09,150/200/30mg,Tablet - FDC,Yes,19495.73,From RDC,"Lamivudine/Nevirapine/Stavudine 150/200/30mg, tablets, 60 Tabs",272.22,19290,138888.0,PMO - US,"Cipla, Goa, India",Lamivudine/Nevirapine/Stavudine,7.2,N/A - From RDC,SO-16190,Pre-PQ Process,Pre-PQ Process,ARV,104-CI-T01,05-Jan-09,Air,Adult,60,0.12,SCMS from RDC,N/A - From RDC,2096
11545,DN-636,Generic,Tanzania,01-Apr-08,01-Apr-08,100mg,Chewable/dispersible tablet,Yes,6923.3,From RDC,"Didanosine 100mg, chewable/dispersible tablets, 60 Tabs",116.15,9367,72594.25,PMO - US,"Aurobindo Unit III, India",Didanosine,7.75,N/A - From RDC,SO-1651,Pre-PQ Process,Pre-PQ Process,ARV,109-TZ-T01,01-Apr-08,Air,Pediatric,60,0.13,SCMS from RDC,N/A - From RDC,1955
12456,DN-508,Generic,Zambia,28-Dec-07,28-Dec-07,200mg,Tablet,Yes,15245.25,From RDC,"Nevirapine 200mg, tablets, 60 Tabs",319.22,58680,199512.0,PMO - US,"Aurobindo Unit III, India",Nevirapine,3.4,N/A - From RDC,SO-1315,Pre-PQ Process,Pre-PQ Process,ARV,110-ZM-T01,28-Dec-07,MIssing,Adult,60,0.06,SCMS from RDC,N/A - From RDC,5557
12365,DN-209,Generic,Nigeria,03-Jul-07,03-Jul-07,10mg/ml,Oral solution,No,See DN-209 (ID#:11136),From RDC,"Zidovudine 10mg/ml, oral solution, Bottle, 240 ml",1.76,278,1098.1,PMO - US,"Aurobindo Unit III, India",Zidovudine,3.95,N/A - From RDC,SO-563,Pre-PQ Process,Pre-PQ Process,ARV,112-NG-T01,03-Jul-07,MIssing,Pediatric,240,0.02,SCMS from RDC,N/A - From RDC,See DN-209 (ID#:11136)
10645,DN-478,Generic,CÃte dIvoire,10-Dec-07,10-Dec-07,200mg,Tablet,Yes,3646,From RDC,"Nevirapine 200mg, tablets, 60 Tabs",43.52,8000,27200.0,PMO - US,"Strides, Bangalore, India.",Nevirapine,3.4,N/A - From RDC,SO-1408,Pre-PQ Process,Pre-PQ Process,ARV,104-CI-T01,10-Dec-07,Air,Adult,60,0.06,SCMS from RDC,N/A - From RDC,1013
11030,DN-1163,Kaletra,CÃte dIvoire,23-Mar-09,23-Mar-09,80/20mg/ml,Oral solution,Yes,Invoiced Separately,From RDC,"Lopinavir/Ritonavir 80/20mg/ml [Kaletra], oral solution, cool, Bottle 5 x 60 ml",29.4,365,15001.5,PMO - US,ABBVIE (Abbott) Logis. UK,Lopinavir/Ritonavir,41.1,N/A - From RDC,SO-970,Pre-PQ Process,Pre-PQ Process,ARV,104-CI-T01,23-Mar-09,Air,Pediatric,300,0.14,SCMS from RDC,N/A - From RDC,Weight Captured Separately
11893,DN-634,Generic,Ethiopia,21-Mar-08,21-Mar-08,200mg,Tablet,No,See DN-634 (ID#:10972),From RDC,"Nevirapine 200mg, tablets, 60 Tabs",547.98,100731,342485.4,PMO - US,"Ranbaxy, Paonta Shahib, India",Nevirapine,3.4,N/A - From RDC,SO-1518,Pre-PQ Process,Pre-PQ Process,ARV,117-ET-T01,21-Mar-08,Air,Adult,60,0.06,SCMS from RDC,N/A - From RDC,See DN-634 (ID#:10972)
12644,DN-66,Uni-Gold,Tanzania,13-Apr-07,13-Apr-07,MIssing,Test kit,Yes,1004.6,From RDC,"HIV 1/2, Uni-Gold HIV Kit, 20 Tests",MIssing,100,3200.0,PMO - US,"Trinity Biotech, Plc","HIV 1/2, Uni-Gold HIV Kit",32.0,N/A - From RDC,SO-395,Pre-PQ Process,Pre-PQ Process,HRDT,109-TZ-T01,13-Apr-07,Air,HIV test,20,1.6,SCMS from RDC,N/A - From RDC,66
12232,DN-1044,Generic,Zimbabwe,16-Feb-09,16-Feb-09,150/30mg,Tablet - FDC,No,See DN-1044 (ID#:10996),From RDC,"Lamivudine/Stavudine 150/30mg, tablets, 30 Tabs",31.36,8000,16000.0,PMO - US,"Cipla, Goa, India",Lamivudine/Stavudine,2.0,N/A - From RDC,SO-14000,Pre-PQ Process,Pre-PQ Process,ARV,113-ZW-T01,16-Feb-09,Truck,Adult,30,0.07,SCMS from RDC,N/A - From RDC,See DN-1044 (ID#:10996)
5233,ASN-6,Bioline,CÃte dIvoire,02-May-06,02-May-06,MIssing,Test kit,Yes,515.32,Direct Drop,"HIV 1/2, Bioline 3.0 Kit, (no accessories), 30 Tests",MIssing,31,734.7,PMO - US,"Standard Diagnostics, Korea","HIV 1/2, Bioline 3.0 Kit (no accessories)",23.7,Date Not Captured,SCMS-3,Pre-PQ Process,Pre-PQ Process,HRDT,100-CI-T01,02-May-06,Air,HIV test,30,0.79,"Standard Diagnostics, Inc.",EXW,11
12335,DN-27,Generic,Nigeria,22-Feb-07,22-Feb-07,10mg/ml,Oral solution,No,See DN-27 (ID#:10544),From RDC,"Zidovudine 10mg/ml, oral solution, Bottle, 240 ml",MIssing,1200,2580.0,PMO - US,"Aurobindo Unit III, India",Zidovudine,2.15,N/A - From RDC,SO-339,Pre-PQ Process,Pre-PQ Process,ARV,112-NG-T01,22-Feb-07,MIssing,Pediatric,240,0.01,SCMS from RDC,N/A - From RDC,See DN-27 (ID#:10544)
11808,DN-422,Generic,Nigeria,09-Nov-07,09-Nov-07,10mg/ml,Oral suspension,No,See DN-422 (ID#:10634),From RDC,"Nevirapine 10mg/ml, oral suspension, Bottle, 240 ml",0.35,35,217.0,PMO - US,"Aurobindo Unit III, India",Nevirapine,6.2,N/A - From RDC,SO-1109,Pre-PQ Process,Pre-PQ Process,ARV,112-NG-T01,09-Nov-07,Air,Pediatric,240,0.03,SCMS from RDC,N/A - From RDC,See DN-422 (ID#:10634)
12876,DN-1180,Generic,Tanzania,11-May-09,11-May-09,20mg/ml,Oral solution,No,See DN-1180 (ID#:11033),From RDC,"Abacavir 20mg/ml, oral solution, Bottle, 240 ml",62.58,1977,31928.55,PMO - US,"Aurobindo Unit III, India",Abacavir,16.15,N/A - From RDC,SO-18740,Pre-PQ Process,Pre-PQ Process,ARV,109-TZ-T01,11-May-09,Truck,Pediatric,240,0.07,SCMS from RDC,N/A - From RDC,See DN-1180 (ID#:11033)
12522,DN-1002,Norvir,Mozambique,27-Nov-08,27-Nov-08,100mg,Capsule,Yes,2765.64,From RDC,"Ritonavir 100mg [Norvir], capsules, cool, 4 x 84 Caps",0,180,0.0,PMO - US,ABBVIE (Abbott) France,Ritonavir,0.0,N/A - From RDC,SO-18330,Pre-PQ Process,Pre-PQ Process,ARV,111-MZ-T01,27-Nov-08,Air,Adult,336,0.0,SCMS from RDC,N/A - From RDC,256
10348,ASN-3626,Generic,South Africa,27-Jan-09,27-Jan-09,30mg,Capsule,No,Freight Included in Commodity Cost,Direct Drop,"Stavudine 30mg, capsules, 60 Caps",117.39,24150,59892.0,PMO - US,"Aurobindo Unit III, India",Stavudine,2.48,Date Not Captured,SCMS-41090,Pre-PQ Process,Pre-PQ Process,ARV,116-ZA-T01,09-Jun-09,Air,Adult,60,0.04,S. BUYS WHOLESALER,DDP,Weight Captured Separately
7129,ASN-2299,Retrovir,South Africa,14-May-08,14-May-08,10mg/ml,Oral solution,Yes,Freight Included in Commodity Cost,Direct Drop,"Zidovudine 10mg/ml [Retrovir], oral solution, Bottle, 200 ml",1.54,140,960.4,PMO - US,GSK Mississauga (Canada),Zidovudine,6.86,Date Not Captured,SCMS-23500,Pre-PQ Process,Pre-PQ Process,ARV,116-ZA-T01,20-Aug-08,Truck,Pediatric,200,0.03,S. BUYS WHOLESALER,DDP,Weight Captured Separately
6753,ASN-707,Determine,Nigeria,07-May-07,07-May-07,MIssing,Test kit,Yes,Freight Included in Commodity Cost,Direct Drop,"HIV 1/2, Determine Complete HIV Kit, 100 Tests",64,500,40000.0,PMO - US,ABBVIE GmbH & Co.KG Wiesbaden,"HIV 1/2, Determine Complete HIV Kit",80.0,Date Not Captured,SCMS-12240,Pre-PQ Process,Pre-PQ Process,HRDT,102-NG-T01,07-Sep-07,MIssing,HIV test,100,0.8,ACCOUN NIGERIA LIMITED,CIP,Weight Captured Separately
2740,ASN-544,Stat-Pak,Nigeria,10-Jul-07,10-Jul-07,MIssing,Test kit,Yes,28118.58,Direct Drop,"HIV 1/2, Stat-Pak HIV, Kit, 20 Tests",432,10000,270000.0,PMO - US,Chembio Diagnostics Sys. Inc.,"HIV 1/2, Stat-Pak HIV, Kit",27.0,06-08-07,SCMS-687,Pre-PQ Process,Pre-PQ Process,HRDT,102-NG-T01,10-Jul-07,Air,HIV test,20,1.35,"CHEMBIO DIAGNOSTIC SYSTEMS, INC.",EXW,3045
13899,ASN-29597,Generic,South Africa,28-Nov-14,28-Nov-14,200mg,Capsule,Yes,Freight Included in Commodity Cost,Direct Drop,"Efavirenz 200mg, capsule, 90 Caps",0.28,16,272.7,PMO - US,"Aurobindo Unit III, India",Efavirenz,17.04,11/28/14,SCMS-259071,FPQ-14942,09-11-14,ARV,116-ZA-T30,28-Nov-14,Truck,Pediatric,90,0.19,PHARMACY DIRECT,DDP,Weight Captured Separately
10724,DN-1027,Generic,Ethiopia,12-Dec-08,12-Dec-08,150/300mg,Tablet - FDC,Yes,10073.76,From RDC,"Lamivudine/Zidovudine 150/300mg, tablets, 60 Tabs",532.26,31000,271560.0,PMO - US,"Aurobindo Unit III, India",Lamivudine/Zidovudine,8.76,N/A - From RDC,SO-19400,Pre-PQ Process,Pre-PQ Process,ARV,117-ET-T01,12-Dec-08,Air,Adult,60,0.15,SCMS from RDC,N/A - From RDC,1787
3616,ASN-3561,Generic,Vietnam,07-Apr-09,07-Apr-09,150/300/200mg,Tablet - FDC,No,See ASN-3561 (ID#:2297),Direct Drop,"Lamivudine/Nevirapine/Zidovudine 150/200/300mg, tablets, 60 Tabs",6.56,300,3345.0,PMO - US,"Aurobindo Unit III, India",Lamivudine/Nevirapine/Zidovudine,11.15,1/16/09,SCMS-37160,Pre-PQ Process,Pre-PQ Process,ARV,108-VN-T01,07-Apr-09,Air,Adult,60,0.19,Aurobindo Pharma Limited,EXW,See ASN-3561 (ID#:2297)
3894,ASN-4819,Viramune,South Africa,21-Jul-09,21-Jul-09,200mg,Tablet,Yes,Freight Included in Commodity Cost,Direct Drop,"Nevirapine 200mg [Viramune], tablets, 60 Tabs",13.8,360,7041.6,PMO - US,"Boehringer Ing., Koropi, GR",Nevirapine,19.56,06-05-09,SCMS-47050,Pre-PQ Process,Pre-PQ Process,ARV,116-ZA-T01,12-Oct-09,Truck,Adult,60,0.33,S. BUYS WHOLESALER,DDP,Weight Captured Separately
12318,DN-1428,Generic,CÃte dIvoire,21-Sep-09,21-Sep-09,200/300mg,Tablet - FDC,Yes,1713.01,From RDC,"Emtricitabine/Tenofovir Disoproxil Fumarate 200/300mg, tablets, 30 Tabs",15.34,666,7825.5,PMO - US,Mylan (formerly Matrix) Nashik,Emtricitabine/Tenofovir Disoproxil Fumarate,11.75,N/A - From RDC,SO-33250,Pre-PQ Process,Date Not Captured,ARV,104-CI-T01,21-Sep-09,Air,Adult,30,0.39,SCMS from RDC,N/A - From RDC,54
11337,DN-1316,Generic,Namibia,16-Jul-09,16-Jul-09,300/300mg,Tablet - FDC,Yes,8502.12,From RDC,"Lamivudine/Tenofovir Disoproxil Fumarate 300/300mg, tablets, 30 Tabs",490,25000,250000.0,PMO - US,Mylan (formerly Matrix) Nashik,Lamivudine/Tenofovir Disoproxil Fumarate,10.0,N/A - From RDC,SO-30450,Pre-PQ Process,Date Not Captured,ARV,119-NA-T01,16-Jul-09,Truck,Adult,30,0.33,SCMS from RDC,N/A - From RDC,2068
4045,ASN-2700,Bioline,Tanzania,19-Nov-08,19-Nov-08,MIssing,Test kit,Yes,22856.02,Direct Drop,"HIV 1/2, Bioline 3.0 Kit, Lancets, Capillary pipets, Alcohol swabs included, 25 Tests",392,10000,200000.0,PMO - US,"Standard Diagnostics, Korea","HIV 1/2, Bioline 3.0 Kit, Lancets, Capillary pipets, Alcohol swabs included",20.0,9/17/08,SCMS-10340,Pre-PQ Process,Pre-PQ Process,HRDT,109-TZ-T01,19-Nov-08,Air,HIV test,25,0.8,"Standard Diagnostics, Inc.",EXW,3112
12185,DN-780,Generic,Zambia,16-Jun-08,16-Jun-08,200mg,Capsule,Yes,2313.55,From RDC,"Efavirenz 200mg, capsule, 90 Caps",85.25,3330,53280.0,PMO - US,"Aurobindo Unit III, India",Efavirenz,16.0,N/A - From RDC,SO-1883,Pre-PQ Process,Pre-PQ Process,ARV,110-ZM-T01,16-Jun-08,MIssing,Pediatric,90,0.18,SCMS from RDC,N/A - From RDC,404
10966,DN-797,Generic,Uganda,11-Jul-08,11-Jul-08,200mg,Tablet,Yes,1054.52,From RDC,"Nevirapine 200mg, tablets, 60 Tabs",5.77,1061,3607.4,PMO - US,"Aurobindo Unit III, India",Nevirapine,3.4,N/A - From RDC,SO-2674,Pre-PQ Process,Pre-PQ Process,ARV,114-UG-T01,11-Jul-08,Air,Adult,60,0.06,SCMS from RDC,N/A - From RDC,106
12446,DN-506,Generic,Zambia,19-Dec-07,19-Dec-07,200mg,Tablet,Yes,24405,From RDC,"Nevirapine 200mg, tablets, 60 Tabs",422.82,77724,264261.6,PMO - US,"Cipla, Goa, India",Nevirapine,3.4,N/A - From RDC,SO-1316,Pre-PQ Process,Pre-PQ Process,ARV,110-ZM-T01,19-Dec-07,Truck,Adult,60,0.06,SCMS from RDC,N/A - From RDC,8554
5894,ASN-2339,Generic,Vietnam,03-Sep-08,03-Sep-08,150mg,Tablet,Yes,6609.02,Direct Drop,"Lamivudine 150mg, tablets, 60 Tabs",61.29,15960,38304.0,PMO - US,"Aurobindo Unit III, India",Lamivudine,2.4,07-01-08,SCMS-26170,Pre-PQ Process,Pre-PQ Process,ARV,108-VN-T01,03-Sep-08,Air,Adult,60,0.04,Aurobindo Pharma Limited,EXW,755
11721,DN-62,Generic,CÃte dIvoire,04-May-07,04-May-07,150/300mg,Tablet - FDC,Yes,3142,From RDC,"Lamivudine/Zidovudine 150/300mg, tablets, 60 Tabs",MIssing,10000,102500.0,PMO - US,"Aurobindo Unit III, India",Lamivudine/Zidovudine,10.25,N/A - From RDC,SO-393,Pre-PQ Process,Pre-PQ Process,ARV,100-CI-T01,04-May-07,MIssing,Adult,60,0.17,SCMS from RDC,N/A - From RDC,963
10884,DN-350,Aluvia,CÃte dIvoire,17-Sep-07,17-Sep-07,200/50mg,Tablet,Yes,2717,From RDC,"Lopinavir/Ritonavir 200/50mg [Aluvia], tablets, 120 Tabs",210.43,3200,131520.0,PMO - US,ABBVIE Ludwigshafen Germany,Lopinavir/Ritonavir,41.1,N/A - From RDC,SO-956,Pre-PQ Process,Pre-PQ Process,ARV,104-CI-T01,17-Sep-07,MIssing,Adult,120,0.34,SCMS from RDC,N/A - From RDC,749
12295,DN-1290,Truvada,Nigeria,16-Jun-09,16-Jun-09,300/200mg,Tablet - FDC,Yes,7329.83,From RDC,"Emtricitabine/Tenofovir Disoproxil Fumarate 200/300mg [Truvada], tablets, 30 Tabs",1248.64,24269,637061.25,PMO - US,"Aspen-OSD, Port Elizabeth, SA",Emtricitabine/Tenofovir Disoproxil Fumarate,26.25,N/A - From RDC,SO-30022,Pre-PQ Process,Pre-PQ Process,ARV,151-NG-T01,16-Jun-09,Air Charter,Adult,30,0.88,SCMS from RDC,N/A - From RDC,2094
11354,DN-1441,Generic,Nigeria,20-Oct-09,20-Oct-09,200/300mg,Tablet - FDC,Yes,9341.49,From RDC,"Emtricitabine/Tenofovir Disoproxil Fumarate 200/300mg, tablets, 30 Tabs",575.75,25000,293750.0,PMO - US,Mylan (formerly Matrix) Nashik,Emtricitabine/Tenofovir Disoproxil Fumarate,11.75,N/A - From RDC,SO-27822,Pre-PQ Process,Date Not Captured,ARV,151-NG-T01,20-Oct-09,Air Charter,Adult,30,0.39,SCMS from RDC,N/A - From RDC,2023
11695,DN-1496,Generic,Zambia,29-Oct-09,29-Oct-09,150/300mg,Tablet - FDC,Yes,4897.42,From RDC,"Lamivudine/Zidovudine 150/300mg, tablets, 60 Tabs",590.02,31240,273662.4,PMO - US,"Aurobindo Unit III, India",Lamivudine/Zidovudine,8.76,N/A - From RDC,SO-33620,Pre-PQ Process,Date Not Captured,ARV,110-ZM-T01,29-Oct-09,Truck,Adult,60,0.15,SCMS from RDC,N/A - From RDC,2832
10866,DN-320,Generic,CÃte dIvoire,30-Aug-07,30-Aug-07,200mg,Tablet,No,See DN-320 (ID#:10593),From RDC,"Nevirapine 200mg, tablets, 60 Tabs",140.35,25799,87716.6,PMO - US,"Strides, Bangalore, India.",Nevirapine,3.4,N/A - From RDC,SO-959,Pre-PQ Process,Pre-PQ Process,ARV,104-CI-T01,30-Aug-07,MIssing,Adult,60,0.06,SCMS from RDC,N/A - From RDC,See DN-320 (ID#:10593)
65,ASN-162,Determine,Haiti,18-Jan-07,18-Jan-07,MIssing,Test kit,Yes,1760.32,Direct Drop,"HIV 1/2, Determine Complete HIV Kit, 100 Tests",MIssing,750,60000.0,PMO - US,ABBVIE GmbH & Co.KG Wiesbaden,"HIV 1/2, Determine Complete HIV Kit",80.0,Date Not Captured,SCMS-274,Pre-PQ Process,Pre-PQ Process,HRDT,106-HT-T01,18-Jan-07,Air,HIV test,100,0.8,Abbott GmbH & Co. KG,EXW,256
1646,ASN-1612,Uni-Gold,Guyana,06-May-08,06-May-08,MIssing,Test kit,Yes,3740.04,Direct Drop,"HIV 1/2, Uni-Gold HIV Kit, 20 Tests",42.6,832,26624.0,PMO - US,"Trinity Biotech, Plc","HIV 1/2, Uni-Gold HIV Kit",32.0,2/28/08,SCMS-18490,Pre-PQ Process,Pre-PQ Process,HRDT,102-GY-T01,06-May-08,Air,HIV test,20,1.6,"Trinity Biotech, Plc",EXW,832
12148,DN-489,Generic,Uganda,15-Jan-08,15-Jan-08,150/300mg,Tablet - FDC,No,See DN-489 (ID#:11516),From RDC,"Lamivudine/Zidovudine 150/300mg, tablets, 60 Tabs",0.24,16,152.0,PMO - US,"Cipla, Goa, India",Lamivudine/Zidovudine,9.5,N/A - From RDC,SO-1302,Pre-PQ Process,Pre-PQ Process,ARV,114-UG-T01,15-Jan-08,Air,Adult,60,0.16,SCMS from RDC,N/A - From RDC,See DN-489 (ID#:11516)
6312,ASN-3458,First Response,Rwanda,11-Mar-09,11-Mar-09,MIssing,Test kit,Yes,15022.74,Direct Drop,"HIV 1/2/O, First Response HIV 1-2.0, v.3.0 Cards Kit, 30 Tests",172.52,3912,88020.0,PMO - US,Premier Med. Corp Ltd. India,"HIV 1/2/O, First Response HIV 1-2.0, v.3.0 Cards Kit",22.5,2/18/09,SCMS-38660,Pre-PQ Process,Pre-PQ Process,HRDT,107-RW-T01,28-Apr-09,Air,HIV test,30,0.75,Premier Medical Corporation Ltd.,EXW,1320
5199,ASN-4663,Clearview,Namibia,01-Sep-09,01-Sep-09,MIssing,Test kit,Yes,133.25,Direct Drop,"HIV 1/2, Clearview Complete Kit, 25 Tests",0.59,4,300.0,PMO - US,Chembio Diagnostics Sys. Inc.,"HIV 1/2, Clearview Complete Kit",75.0,06-04-09,SCMS-47160,Pre-PQ Process,Pre-PQ Process,HRDT,141-NA-T01,01-Sep-09,Air,HIV test,25,3.0,"Orgenics, Ltd",EXW,4
4369,ASN-2205,Generic,Vietnam,19-Sep-08,19-Sep-08,150/200/30mg,Tablet - FDC,Yes,7265.05,Direct Drop,"Lamivudine/Nevirapine/Stavudine 150/200/30mg, tablets, 60 Tabs",113.66,9600,71040.0,PMO - US,"Cipla, Goa, India",Lamivudine/Nevirapine/Stavudine,7.4,3/31/08,SCMS-20400,Pre-PQ Process,Pre-PQ Process,ARV,108-VN-T01,19-Sep-08,Air,Adult,60,0.12,CIPLA LIMITED,EXW,920
12784,DN-768,Norvir,Mozambique,18-Jul-08,18-Jul-08,100mg,Capsule,Yes,2107.14,From RDC,"Ritonavir 100mg [Norvir], capsules, cool, 84 Caps",20.84,1358,13023.22,PMO - US,ABBVIE (Abbott) Logis. UK,Ritonavir,9.59,N/A - From RDC,SO-2670,Pre-PQ Process,Pre-PQ Process,ARV,111-MZ-T01,18-Jul-08,Truck,Adult,84,0.11,SCMS from RDC,N/A - From RDC,387
12249,DN-844,Generic,Nigeria,24-Jul-08,24-Jul-08,600mg,Tablet,Yes,1960.81,From RDC,"Efavirenz 600mg, tablets, 30 Tabs",19.31,1030,12071.6,PMO - US,"Aurobindo Unit III, India",Efavirenz,11.72,N/A - From RDC,SO-10540,Pre-PQ Process,Pre-PQ Process,ARV,130-NG-T01,24-Jul-08,Air,Adult,30,0.39,SCMS from RDC,N/A - From RDC,251
12506,DN-626,Generic,CÃte dIvoire,27-Feb-08,27-Feb-08,200mg,Tablet,Yes,3428.5,From RDC,"Nevirapine 200mg, tablets, 60 Tabs",95.86,17621,59911.4,PMO - US,"Aurobindo Unit III, India",Nevirapine,3.4,N/A - From RDC,SO-1307,Pre-PQ Process,Pre-PQ Process,ARV,104-CI-T01,27-Feb-08,Air,Adult,60,0.06,SCMS from RDC,N/A - From RDC,1650
12168,DN-620,Generic,Nigeria,14-Feb-08,14-Feb-08,30mg,Capsule,Yes,2722.38,From RDC,"Stavudine 30mg, capsules, 60 Caps",1.09,447,679.44,PMO - US,"Aurobindo Unit III, India",Stavudine,1.52,N/A - From RDC,SO-1571,Pre-PQ Process,Pre-PQ Process,ARV,112-NG-T01,14-Feb-08,Air,Adult,60,0.03,SCMS from RDC,N/A - From RDC,1054
2431,ASN-3634,Generic,South Africa,02-Dec-08,02-Dec-08,10mg/ml,Oral solution,No,Freight Included in Commodity Cost,Direct Drop,"Zidovudine 10mg/ml, oral solution, Bottle, 240 ml",6.65,929,3390.85,PMO - US,"Aurobindo Unit III, India",Zidovudine,3.65,Date Not Captured,SCMS-40810,Pre-PQ Process,Pre-PQ Process,ARV,116-ZA-T01,31-Mar-09,Air,Pediatric,240,0.02,S. BUYS WHOLESALER,DDP,Weight Captured Separately
1162,ASN-4791,Genie,CÃte dIvoire,15-Sep-09,15-Sep-09,MIssing,Test kit,Yes,8074.03,Direct Drop,"#108853** HIV, Genie II HIV-1/HIV-2 Kit, 40 Tests",215.6,1000,110000.0,PMO - US,Bio-Rad Laboratories,"HIV, Genie II HIV-1/HIV-2 Kit",110.0,4/15/09,SCMS-44130,Pre-PQ Process,Pre-PQ Process,HRDT,104-CI-T01,15-Sep-09,Air,HIV test,40,2.75,BIO-RAD LABORATORIES (FRANCE),EXW,1101
12878,DN-1182,Generic,Nigeria,30-Apr-09,30-Apr-09,200mg,Tablet,Yes,1981.1,From RDC,"Nevirapine 200mg, tablets, 60 Tabs",6.69,1067,3414.4,PMO - US,Hetero Unit III Hyderabad IN,Nevirapine,3.2,N/A - From RDC,SO-20962,Pre-PQ Process,Pre-PQ Process,ARV,112-NG-T01,30-Apr-09,Air,Adult,60,0.05,SCMS from RDC,N/A - From RDC,60
11617,DN-986,Generic,Uganda,09-Jan-09,09-Jan-09,600mg,Tablet,No,See DN-986 (ID#:10748),From RDC,"Efavirenz 600mg, tablets, 30 Tabs",31.13,1444,15884.0,PMO - US,"Aurobindo Unit III, India",Efavirenz,11.0,N/A - From RDC,SO-17870,Pre-PQ Process,Pre-PQ Process,ARV,114-UG-T01,09-Jan-09,Air,Adult,30,0.37,SCMS from RDC,N/A - From RDC,See DN-986 (ID#:10748)
10550,DN-46,Generic,CÃte dIvoire,04-May-07,04-May-07,150/300mg,Tablet - FDC,Yes,2601,From RDC,"Lamivudine/Zidovudine 150/300mg, tablets, 60 Tabs",MIssing,1778,18224.5,PMO - US,"Aurobindo Unit III, India",Lamivudine/Zidovudine,10.25,N/A - From RDC,SO-284,Pre-PQ Process,Pre-PQ Process,ARV,100-CI-T01,04-May-07,MIssing,Adult,60,0.17,SCMS from RDC,N/A - From RDC,716
12090,DN-304,Crixivan,Mozambique,21-Sep-07,21-Sep-07,400mg,Capsule,No,See DN-304 (ID#:10589),From RDC,"Indinavir 400mg [Crixivan], capsules, 180 Caps",58.39,740,36496.8,PMO - US,MSD Elkton USA,Indinavir,49.32,N/A - From RDC,SO-298,Pre-PQ Process,Pre-PQ Process,ARV,111-MZ-T01,21-Sep-07,Air,Adult,180,0.27,SCMS from RDC,N/A - From RDC,See DN-304 (ID#:10589)
12638,DN-129,Viracept,Zambia,15-May-07,15-May-07,250mg,Tablet,No,See DN-129 (ID#:10818),From RDC,"Nelfinavir (as mesilate) 250mg [Viracept], tablets, 270 Tabs",MIssing,864,70346.88,PMO - US,Roche Madrid,Nelfinavir (as mesilate),81.42,N/A - From RDC,SO-311,Pre-PQ Process,Pre-PQ Process,ARV,110-ZM-T01,15-May-07,MIssing,Adult,270,0.3,SCMS from RDC,N/A - From RDC,See DN-129 (ID#:10818)
11814,DN-458,Aluvia,Haiti,05-Dec-07,05-Dec-07,200/50mg,Tablet,Yes,2523.6,From RDC,"Lopinavir/Ritonavir 200/50mg [Aluvia], tablets, 120 Tabs",6.58,100,4110.0,PMO - US,ABBVIE Ludwigshafen Germany,Lopinavir/Ritonavir,41.1,N/A - From RDC,SO-1286,Pre-PQ Process,Pre-PQ Process,ARV,106-HT-T01,05-Dec-07,Air,Adult,120,0.34,SCMS from RDC,N/A - From RDC,285
10642,DN-475,Generic,Nigeria,03-Dec-07,03-Dec-07,150/300/200mg,Tablet - FDC,Yes,18208,From RDC,"Lamivudine/Nevirapine/Zidovudine 150/200/300mg, tablets, 60 Tabs",425.88,12984,266172.0,PMO - US,"Aurobindo Unit III, India",Lamivudine/Nevirapine/Zidovudine,20.5,N/A - From RDC,SO-567,Pre-PQ Process,Pre-PQ Process,ARV,112-NG-T01,03-Dec-07,Air,Adult,60,0.34,SCMS from RDC,N/A - From RDC,3286
11495,DN-475,Generic,Nigeria,03-Dec-07,03-Dec-07,10mg/ml,Oral solution,No,See DN-475 (ID#:10642),From RDC,"Zidovudine 10mg/ml, oral solution, Bottle, 240 ml",11.07,1752,6920.4,PMO - US,"Aurobindo Unit III, India",Zidovudine,3.95,N/A - From RDC,SO-567,Pre-PQ Process,Pre-PQ Process,ARV,112-NG-T01,03-Dec-07,Air,Pediatric,240,0.02,SCMS from RDC,N/A - From RDC,See DN-475 (ID#:10642)
11603,DN-1052,Generic,Ethiopia,03-Mar-09,03-Mar-09,600mg,Tablet,No,See DN-1052 (ID#:10737),From RDC,"Efavirenz 600mg, tablets, 30 Tabs",240.39,11549,122650.38,PMO - US,"Aurobindo Unit III, India",Efavirenz,10.62,N/A - From RDC,SO-22020,Pre-PQ Process,Pre-PQ Process,ARV,117-ET-T01,03-Mar-09,Air,Adult,30,0.35,SCMS from RDC,N/A - From RDC,See DN-1052 (ID#:10737)
12225,DN-864,Generic,Zambia,27-Aug-08,27-Aug-08,200mg,Tablet,Yes,3540.35,From RDC,"Nevirapine 200mg, tablets, 60 Tabs",212.53,39068,132831.2,PMO - US,Hetero Unit III Hyderabad IN,Nevirapine,3.4,N/A - From RDC,SO-2476,Pre-PQ Process,Pre-PQ Process,ARV,110-ZM-T01,27-Aug-08,Air,Adult,60,0.06,SCMS from RDC,N/A - From RDC,4510
12631,DN-89,Determine,Zambia,04-May-07,04-May-07,MIssing,Test kit,No,See DN-89 (ID#:10813),From RDC,"HIV 1/2, Determine Complete HIV Kit, 100 Tests",MIssing,600,48000.0,PMO - US,ABBVIE GmbH & Co.KG Wiesbaden,"HIV 1/2, Determine Complete HIV Kit",80.0,N/A - From RDC,SO-232,Pre-PQ Process,Pre-PQ Process,HRDT,110-ZM-T01,04-May-07,MIssing,HIV test,100,0.8,SCMS from RDC,N/A - From RDC,See DN-89 (ID#:10813)
11812,DN-434,Generic,CÃte dIvoire,22-Nov-07,22-Nov-07,10mg/ml,Oral solution,No,See DN-434 (ID#:11483),From RDC,"Lamivudine 10mg/ml, oral solution, Bottle, 240 ml",18.91,6000,11820.0,PMO - US,"Aurobindo Unit III, India",Lamivudine,1.97,N/A - From RDC,SO-1101,Pre-PQ Process,Pre-PQ Process,ARV,104-CI-T01,22-Nov-07,Air,Pediatric,240,0.01,SCMS from RDC,N/A - From RDC,See DN-434 (ID#:11483)
10662,DN-556,Generic,Tanzania,06-Feb-08,06-Feb-08,150/300mg,Tablet - FDC,Yes,4207.4,From RDC,"Lamivudine/Zidovudine 150/300mg, tablets, 60 Tabs",144.04,9476,90022.0,PMO - US,"Aurobindo Unit III, India",Lamivudine/Zidovudine,9.5,N/A - From RDC,SO-1647,Pre-PQ Process,Pre-PQ Process,ARV,109-TZ-T01,06-Feb-08,Air,Adult,60,0.16,SCMS from RDC,N/A - From RDC,1008
3026,ASN-1532,Videx EC,South Africa,21-Jan-08,21-Jan-08,250mg,Delayed-release capsules - blister,Yes,Freight Included in Commodity Cost,Direct Drop,"Didanosine EC 250mg [Videx EC], delayed-release capsules, Blister 3 x 10 Caps",13.47,400,8416.0,PMO - US,"BMS Meymac, France",Didanosine EC,21.04,1/21/08,SCMS-17630,Pre-PQ Process,Pre-PQ Process,ARV,116-ZA-T01,05-Feb-08,Truck,Adult,30,0.7,"JSI R&T INSTITUTE, INC.",DDP,Weight Captured Separately
12601,DN-1362,Generic,Zambia,15-Sep-09,15-Sep-09,300mg,Tablet,Yes,8281.69,From RDC,"Zidovudine 300mg, tablets, 60 Tabs",185.78,12294,94786.74,PMO - US,Hetero Unit III Hyderabad IN,Zidovudine,7.71,N/A - From RDC,SO-31951,Pre-PQ Process,Date Not Captured,ARV,110-ZM-T01,15-Sep-09,Truck,Adult,60,0.13,SCMS from RDC,N/A - From RDC,629
11762,DN-303,Generic,Zimbabwe,28-Aug-07,28-Aug-07,150/200/30mg,Tablet - FDC,Yes,41772.09,From RDC,"Lamivudine/Nevirapine/Stavudine 150/200/30mg, tablets, 60 Tabs",1480,125000,925000.0,PMO - US,"Cipla, Goa, India",Lamivudine/Nevirapine/Stavudine,7.4,N/A - From RDC,SO-718,Pre-PQ Process,Pre-PQ Process,ARV,100-ZW-T01,28-Aug-07,Truck,Adult,60,0.12,SCMS from RDC,N/A - From RDC,12779
11109,DN-44,Generic,Mozambique,17-Apr-07,17-Apr-07,20mg/ml,Oral solution,No,See DN-44 (ID#:10549),From RDC,"Abacavir 20mg/ml, oral solution, Bottle, 240 ml",MIssing,460,9683.0,PMO - US,"Aurobindo Unit III, India",Abacavir,21.05,N/A - From RDC,SO-293,Pre-PQ Process,Pre-PQ Process,ARV,111-MZ-T01,17-Apr-07,Air,Pediatric,240,0.09,SCMS from RDC,N/A - From RDC,See DN-44 (ID#:10549)
5281,ASN-276,Generic,Vietnam,14-Mar-07,14-Mar-07,300mg,Tablet,No,See ASN-276 (ID#:2686),Direct Drop,"Abacavir 300mg, tablets, 60 Tabs",MIssing,700,30835.0,PMO - US,"Aurobindo Unit III, India",Abacavir,44.05,11/14/06,SCMS-168,Pre-PQ Process,Pre-PQ Process,ARV,108-VN-T01,14-Mar-07,Air,Adult,60,0.73,Aurobindo Pharma Limited,EXW,See ASN-276 (ID#:2686)
6625,ASN-261,Viread,Vietnam,16-Mar-07,16-Mar-07,300mg,Tablet,Yes,14571.5,Direct Drop,"Tenofovir Disoproxil Fumarate 300mg [Viread], tablets, 30 Tabs",MIssing,1900,32300.0,PMO - US,Gilead(Nycomed) Oranienburg DE,Tenofovir Disoproxil Fumarate,17.0,12-02-06,SCMS-166,Pre-PQ Process,Pre-PQ Process,ARV,108-VN-T01,16-Mar-07,Air,Adult,30,0.57,"GILEAD SCIENCES IRELAND, INC.",EXW,116
2756,ASN-522,Stat-Pak,Nigeria,04-Jul-07,04-Jul-07,MIssing,Test kit,Yes,22838.29,Direct Drop,"HIV 1/2, Stat-Pak HIV, Kit, 20 Tests",345.6,8000,216000.0,PMO - US,Chembio Diagnostics Sys. Inc.,"HIV 1/2, Stat-Pak HIV, Kit",27.0,6/21/07,SCMS-599,Pre-PQ Process,Pre-PQ Process,HRDT,102-NG-T01,04-Jul-07,Air,HIV test,20,1.35,"CHEMBIO DIAGNOSTIC SYSTEMS, INC.",EXW,2603
4824,ASN-3853,Atripla,Tanzania,15-Jun-09,15-Jun-09,600/200/300mg,Tablet - FDC,Yes,3451.41,Direct Drop,"Efavirenz/Emtricitabine/Tenofovir Disoproxil Fumarate 600/200/300mg [Atripla], tablets, 30 Tabs",2465.94,24963,1258135.2,PMO - US,"MSD, Haarlem, NL",Efavirenz/Emtricitabine/Tenofovir Disoproxil Fumarate,50.4,12/30/08,SCMS-34690,Pre-PQ Process,Pre-PQ Process,ARV,109-TZ-T01,15-Jun-09,Air,Adult,30,1.68,MERCK SHARP & DOHME IDEA GMBH (FORMALLY MERCK SHARP & DOHME B.V.),CIP,2462
10596,DN-338,Generic,Zimbabwe,26-Sep-07,26-Sep-07,150/200/30mg,Tablet - FDC,Yes,18941.31,From RDC,"Lamivudine/Nevirapine/Stavudine 150/200/30mg, tablets, 60 Tabs",633.98,53546,396240.4,PMO - US,"Cipla, Goa, India",Lamivudine/Nevirapine/Stavudine,7.4,N/A - From RDC,SO-719,Pre-PQ Process,Pre-PQ Process,ARV,100-ZW-T01,26-Sep-07,Truck,Adult,60,0.12,SCMS from RDC,N/A - From RDC,5467
4818,ASN-3234,Determine,Ethiopia,27-Jan-09,27-Jan-09,MIssing,Test kit - Ancillary,Yes,4856.14,Direct Drop,"Capillary Tubes, for Determine, EDTA, 50uL,100 Pcs",156.8,10000,80000.0,PMO - US,Inverness Japan,"HIV, Capillary Tubes, for Determine, EDTA, 50uL,100 Pcs",8.0,11/24/08,SCMS-34310,Pre-PQ Process,Pre-PQ Process,HRDT,117-ET-T01,27-Jan-09,Air,HIV test - Ancillary,100,0.08,"Orgenics, Ltd",EXW,400
13988,ASN-20209,Colloidal Gold,Haiti,09-Jul-13,09-Jul-13,MIssing,Test kit,Yes,2581.83,Direct Drop,"HIV 1/2, SKB Colloidal Gold, Diagnostic Kit, Antibody, 50 Tests",9.09,300,7350.0,PMO - US,"KHB Test Kit Facility, Shanghai China","HIV 1/2, Colloidal Gold, Diagnostic Kit, Antibody",24.5,5/21/13,SCMS-189220,FPQ-12041,4/26/13,HRDT,106-HT-T30,09-Jul-13,Air,HIV test,1,24.5,"SHANGHAI KEHUA BIOENGINEERING CO.,LTD.  (KHB)",EXW,182
11115,DN-152,Generic,Mozambique,08-Jun-07,08-Jun-07,300mg,Tablet,Yes,Freight Included in Commodity Cost,From RDC,"Abacavir 300mg, tablets, 60 Tabs",MIssing,4444,159095.2,PMO - US,"Aurobindo Unit III, India",Abacavir,35.8,N/A - From RDC,SO-500,Pre-PQ Process,Pre-PQ Process,ARV,111-MZ-T01,08-Jun-07,Air,Adult,60,0.6,SCMS from RDC,N/A - From RDC,633
4947,ASN-3546,ImmunoComb,Senegal,25-Mar-09,25-Mar-09,MIssing,Test kit,Yes,812,Direct Drop,"HIV 1/2, ImmunoComb TriSpot Ag - Ab Kit, 36 Tests",13.33,80,6800.0,PMO - US,INVERNESS ORGENICS LINE,"HIV 1/2, ImmunoComb TriSpot Ag - Ab Kit",85.0,02-06-09,SCMS-38270,Pre-PQ Process,Pre-PQ Process,HRDT,100-SN-T01,25-Mar-09,Air,HIV test,36,2.36,"Orgenics, Ltd",EXW,33
10647,DN-479,Generic,Zimbabwe,05-Feb-08,05-Feb-08,600mg,Tablet,Yes,13356.65,From RDC,"Efavirenz 600mg, tablets, 30 Tabs",36.96,1860,23101.2,PMO - US,"Cipla, Goa, India",Efavirenz,12.42,N/A - From RDC,SO-708,Pre-PQ Process,Pre-PQ Process,ARV,100-ZW-T01,05-Feb-08,Air,Adult,30,0.41,SCMS from RDC,N/A - From RDC,2425
3007,ASN-1492,Videx,CÃte dIvoire,08-Apr-08,08-Apr-08,25mg,Chewable/dispersible tablet,Yes,Freight Included in Commodity Cost,Direct Drop,"Didanosine 25mg [Videx], chewable tablets, 60 Tabs",6.12,546,3822.0,PMO - US,"BMS Meymac, France",Didanosine,7.0,1/24/08,SCMS-16740,Pre-PQ Process,Pre-PQ Process,ARV,104-CI-T01,08-Apr-08,Air,Pediatric,60,0.12,BRISTOL-MYERS SQUIBB,CIP,108
12599,DN-1342,Generic,Nigeria,04-Aug-09,04-Aug-09,150/300/200mg,Tablet - FDC,Yes,7445.8,From RDC,"Lamivudine/Nevirapine/Zidovudine 150/200/300mg, tablets, 60 Tabs",528.88,23670,269838.0,PMO - US,"Aurobindo Unit III, India",Lamivudine/Nevirapine/Zidovudine,11.4,N/A - From RDC,SO-32640,Pre-PQ Process,Date Not Captured,ARV,151-NG-T01,04-Aug-09,Air Charter,Adult,60,0.19,SCMS from RDC,N/A - From RDC,2666
5294,ASN-141,Uni-Gold,Nigeria,18-Jan-07,18-Jan-07,MIssing,Test kit,Yes,713.58,Direct Drop,"HIV 1/2, Uni-Gold HIV Kit, 20 Tests",MIssing,40,1600.0,PMO - US,"Trinity Biotech, Plc","HIV 1/2, Uni-Gold HIV Kit",40.0,Date Not Captured,SCMS-228,Pre-PQ Process,Pre-PQ Process,HRDT,102-NG-T01,18-Jan-07,Air,HIV test,20,2.0,"Trinity Biotech, Plc",EXW,14
11072,DN-1486,Invirase,Lebanon,18-Nov-09,18-Nov-09,200mg,Capsule,Yes,Invoiced Separately,From RDC,"Saquinavir 200mg [Invirase], capsules, 270 Caps",0,200,2.0,PMO - US,Roche Basel,Saquinavir,0.01,N/A - From RDC,SO-33890,Pre-PQ Process,Date Not Captured,ARV,100-LB-T01,18-Nov-09,Air,Adult,270,0.0,SCMS from RDC,N/A - From RDC,Weight Captured Separately
12805,DN-697,Generic,Kenya,31-Mar-08,31-Mar-08,MIssing,Test kit - Ancillary,No,See DN-697 (ID#:12202),From RDC,"HIV, Lancet, Safety, for HIV Test kits, 100 Pcs",0.03,2000,20.0,PMO - US,Inverness Japan,"HIV, Lancet, Safety, for HIV Test kits, 100 Pcs",0.01,N/A - From RDC,SO-1973,Pre-PQ Process,Pre-PQ Process,HRDT,102-KE-T01,31-Mar-08,Truck,HIV test - Ancillary,100,0.0,SCMS from RDC,N/A - From RDC,See DN-697 (ID#:12202)
8616,ASN-2378,Generic,Haiti,29-Sep-08,29-Sep-08,100/25mg,Tablet,Yes,658.68,Direct Drop,"Lopinavir/Ritonavir 100/25mg [Aluvia], tablets, 60 Tabs",0.33,20,205.6,PMO - US,ABBVIE Ludwigshafen Germany,Lopinavir/Ritonavir,10.28,08-05-08,SCMS-27880,Pre-PQ Process,Pre-PQ Process,ARV,106-HT-T01,29-Sep-08,Air,Pediatric,60,0.17,ABBVIE LOGISTICS (FORMERLY ABBOTT LOGISTICS BV),FCA,19
4190,ASN-1252,Zerit,South Africa,24-Jan-07,24-Jan-08,30mg,Capsule,Yes,Freight Included in Commodity Cost,Direct Drop,"Stavudine 30mg [Zerit], capsules, 60 Caps",7.67,800,4792.0,PMO - US,"BMS Meymac, France",Stavudine,5.99,11-12-07,SCMS-14050,Pre-PQ Process,Pre-PQ Process,ARV,116-ZA-T01,29-Jan-08,MIssing,Adult,60,0.1,"JSI R&T INSTITUTE, INC.",DDP,Weight Captured Separately
12504,DN-757,Generic,Tanzania,30-Jun-08,30-Jun-08,150/300mg,Tablet - FDC,Yes,1108.08,From RDC,"Lamivudine/Zidovudine 150/300mg, tablets, 60 Tabs",102.17,6722,63859.0,PMO - US,"Aurobindo Unit III, India",Lamivudine/Zidovudine,9.5,N/A - From RDC,SO-2001,Pre-PQ Process,Pre-PQ Process,ARV,109-TZ-T01,30-Jun-08,Air,Adult,60,0.16,SCMS from RDC,N/A - From RDC,634
5717,ASN-1667,Viramune,South Africa,07-Apr-08,07-Apr-08,200mg,Tablet,No,Freight Included in Commodity Cost,Direct Drop,"Nevirapine 200mg [Viramune], tablets, 60 Tabs",3.25,100,2030.0,PMO - US,"BI, Ingelheim, Germany",Nevirapine,20.3,04-04-08,SCMS-21460,Pre-PQ Process,Pre-PQ Process,ARV,116-ZA-T01,25-Apr-08,MIssing,Adult,60,0.34,S. BUYS WHOLESALER,DDP,Weight Captured Separately
10350,ASN-4018,Generic,South Africa,03-Apr-09,03-Apr-09,150mg,Tablet,No,Freight Included in Commodity Cost,Direct Drop,"Lamivudine 150mg, tablets, 60 Tabs",1.02,100,520.0,PMO - US,"Aurobindo Unit III, India",Lamivudine,5.2,3/13/09,SCMS-41100,Pre-PQ Process,Pre-PQ Process,ARV,116-ZA-T01,17-Jun-09,Air,Adult,60,0.09,S. BUYS WHOLESALER,DDP,Weight Captured Separately
12088,DN-304,Trizivir,Mozambique,21-Sep-07,21-Sep-07,300/150/300mg,Tablet - FDC,No,See DN-304 (ID#:10589),From RDC,"Abacavir/Lamivudine/Zidovudine 300/150/300mg [Trizivir], tablets, 60 Tabs",59.36,530,37100.0,PMO - US,GSK Ware (UK),Abacavir/Lamivudine/Zidovudine,70.0,N/A - From RDC,SO-298,Pre-PQ Process,Pre-PQ Process,ARV,111-MZ-T01,21-Sep-07,Air,Adult,60,1.17,SCMS from RDC,N/A - From RDC,See DN-304 (ID#:10589)
